1584 2642
69 190 98 241 44
249 187 271 226 o.
289 186 307 225 J.
325 182 516 225 invertitis
630 184 696 235 v.47.

69 278 161 321 siccabis
169 276 256 318 calicem
265 288 367 316 nasorum
377 282 477 329 quatuor,
486 286 511 314 ec
517 270 565 327 jam

70 354 209 409 Quassatum‚
219 359 239 391 et
249 358 312 404 rupto
320 357 443 404 poscentem
452 346 536 388 sulfura
545 346 606 388 vitro.

69 424 89 465 si
98 423 221 466 stomachus
230 421 311 464 domini
322 420 387 464 fervet
396 420 489 475 vinoque
497 419 599 475 ciboque,

71 495 173 550 Frigidior
182 494 256 536 Geticis
266 494 345 550 petitur
354 495 440 536 decocta
449 491 537 548 pruinis.

71 642 120 682 Nor
130 640 204 682 eadem
213 642 272 682 vobis
281 640 330 696 poni
341 641 407 683 modo
416 640 465 681 vine
473 640 589 694 querebam

71 713 113 753 Vos
123 711 187 753 aliam
196 713 274 768 potatis
283 726 375 767 aquam:
386 712 425 754 tibi
434 712 510 767 pocula
520 723 594 752 cursor

70 783 163 827 Gaetulus
172 784 243 837 dabit,
252 795 291 827 aut
300 784 354 841 nigri
364 798 442 826 manus
451 796 509 825 ossea
519 782 599 832 Mauri,

71 860 95 900 Et
104 859 139 901 cui
148 873 186 915 per
195 860 288 903 mediani
297 859 352 901 nolis
362 871 472 901 occurrere
481 866 580 907 noctem,

71 932 156 975 Clivosae
166 932 246 974 veheris
255 934 308 975 dum
318 946 355 987 per
365 940 506 973 monumenta
516 930 600 972 Latina

72 1006 118 1047 Flos
127 1006 179 1048 lsiae
188 1015 237 1046 ante
247 1006 329 1059 ipsum,
339 1005 408 1058 pretio
418 1003 500 1057 majore
509 1012 596 1057 paratus

72 1080 142 1135 Quam
153 1077 195 1120 luit
203 1087 224 1118 et
232 1076 288 1119 Tulli
297 1090 373 1117 census
382 1075 495 1130 pugnacis,
505 1076 594 1126 etAnci5

72 1152 107 1201 Et,
118 1163 144 1191 ne
154 1160 174 1191 te
184 1159 279 1197 teneam,
290 1160 432 1188 romanorum
442 1146 515 1186 omnia
524 1160 599 1200 regum

72 1222 159 1264 Frivola
170 1221 232 1277 Quod
242 1233 310 1275 quum
320 1218 350 1260 ita
358 1218 396 1268 sit,
407 1229 431 1259 tu
440 1217 545 1259 Gaetulum
554 1212 703 1275 Ganymedem

72 1297 167 1351 Respice,
177 1308 246 1351 quum
255 1294 324 1335 sities:
335 1292 402 1334 nescit
413 1301 443 1335 tot
452 1292 546 1334 millibus
555 1303 626 1337 emtus

73 1368 202 1422 Pauperibus
212 1366 299 1407 miscere
308 1377 373 1420 puer:
384 1365 421 1407 sed
431 1363 512 1416 forma,
521 1366 616 1408 sedatas

74 1438 140 1495 Digna
149 1437 268 1492 supercilio.
278 1437 368 1493 Quando
378 1438 405 1478 ad
414 1446 435 1478 ta
444 1437 539 1492 pervenit
547 1437 594 1479 illel

74 1512 164 1568 Quando
175 1520 260 1552 vocatus
269 1511 327 1551 adest
336 1509 409 1551 calidae
418 1510 531 1565 gelidaeque
541 1512 649 1555 minister!

74 1584 156 1641 Quippe
166 1582 289 1637 indignatur
297 1582 361 1625 veteri
371 1596 445 1638 parere
454 1582 535 1635 clienti;

74 1658 178 1714 Quodque
188 1656 267 1712 aliquid
276 1670 360 1712 poscas,
370 1666 392 1699 et
400 1658 458 1712 quod
468 1671 489 1699 se
498 1667 567 1700 stante
575 1660 696 1702 recumbas.

75 1730 166 1773 lliaxima
176 1744 264 1785 quaeque
274 1731 351 1772 domus
360 1730 424 1772 servis
432 1742 463 1773 est
472 1731 534 1786 plena
542 1733 645 1787 superbis.

102 1806 153 1846 Eece
163 1803 217 1845 alius
225 1813 306 1858 quanto
315 1804 408 1859 porrexit
417 1818 529 1846 murmure
538 1817 616 1859 panem

76 1878 117 1921 Vin
127 1878 230 1928 fractum,
240 1877 310 1920 solidae
316 1878 364 1934 jam
374 1879 461 1921 mucida
470 1877 539 1920 frusta
548 1877 631 1931 farinae,

76 1954 127 2009 Quae
136 1953 253 2008 genuinum
262 1953 351 2009 agitent,
362 1966 405 1994 non
415 1951 549 1994 admittentia
558 1966 663 1996 morsum.

76 2027 115 2068 Sed
127 2037 190 2077 tener,
200 2038 220 2069 et
229 2028 313 2075 niveus.
324 2027 426 2081 mollique
435 2026 516 2081 siligine
525 2026 604 2078 iactus,

76 2100 175 2139 Servatur
184 2099 278 2141 domino.
287 2103 385 2141 Dextram
395 2098 493 2141 cohibere
503 2110 622 2152 mement03

76 2170 138 2213 Salva
146 2171 173 2213 tit
182 2182 269 2227 artoptae
277 2172 403 2214 reverentia!
413 2171 476 2227 Finge
486 2182 558 2217 tamen
567 2183 587 2216 te
