1584 2642
42 199 119 238 utba.
192 241 196 246 ,
272 191 434 234 SdTlllAV.
627 207 667 251 top

41 286 102 342 Quod
111 281 176 327 viris?
186 279 249 332 cinis,
259 293 281 325 et
289 296 374 333 manes,
383 291 405 325 et
415 280 488 325 fabula
497 281 541 326 fies.

42 358 92 400 Vive
99 368 184 399 memor
191 354 234 397 leti.
241 355 304 410 Fugit
310 355 374 397 liora:
383 355 435 406 boc,
443 356 501 410 quod
510 354 591 412 loquor,
601 355 650 400 inde
659 371 698 400 est.

44 431 75 471 Em
83 428 136 484 quid
144 428 201 484 apis?
209 425 288 482 duplici
297 427 320 468 in
329 427 437 468 diversum
446 426 546 469 scindetis
555 428 635 470 hamo:

44 500 161 551 Hunccine,
172 512 200 541 an
208 498 266 540 bunc
275 498 380 552 sequerist
389 499 465 540 subeas
475 498 569 542 alternus
578 509 661 556 oportet

43 574 134 630 Ancipiti
143 572 246 628 obsequio
254 572 364 622 dominos,
373 572 468 615 alternus
476 573 568 616 oberres.

43 651 86 691 Nec
96 658 131 699 tn,
141 661 193 690 cum
202 646 307 690 obstiteris
316 645 393 697 semel,
402 646 532 702 instantique
541 647 623 703 negaris

43 725 117 765 Parere
125 720 227 776 imperio,
236 720 291 776 llnpi
296 719 344 775 jam
354 718 450 771 vincula,
460 720 523 762 dicas.

43 797 100 836 Nam
109 803 131 836 et
139 793 219 835 luctata
228 791 286 834 cenis
294 792 378 833 nodum
387 791 474 846 arripit:
484 801 579 834 attamen
588 791 618 834 illi

44 871 98 912 Cum
108 868 174 923 furit,
183 881 196 908 a
205 865 260 908 eollo
270 865 364 907 trabitur
372 878 421 919 pars
430 864 494 920 longa
502 874 587 907 cntenae.

71 943 138 990 Dave,
148 939 201 989 cito,
211 939 252 979 hoc
260 938 344 988 credas,
349 935 430 992 jubeo,
440 935 501 979 finire
509 934 593 977 dolores

43 1011 160 1055 Praetedtos
169 1010 262 1052 meditor
269 1009 375 1065 (crudum
384 1009 535 1050 cherestratus
544 1021 639 1063 unguem

44 1086 153 1129 tbrodens
162 1084 193 1126 ait
200 1083 266 1138 hec).
275 1085 308 1125 Aa
316 1082 377 1124 siccis
386 1082 477 1124 dedecus
485 1083 569 1124 obstem

43 1157 157 1214 Cognatist
166 1169 193 1197 an
203 1167 249 1196 rem
258 1155 351 1210 patriam
359 1167 447 1196 rumore
456 1153 540 1196 sinistro

45 1231 119 1273 limen
129 1229 157 1270 ad
164 1228 290 1269 obscenum
299 1225 409 1281 frangam,
418 1226 472 1269 dum
481 1227 586 1284 Chrysidis
597 1227 647 1270 udas

45 1301 121 1345 Ebrius
130 1308 180 1341 ante
190 1297 246 1340 iores
254 1297 356 1339 exstincta
365 1311 417 1339 cum
426 1297 472 1340 face
481 1304 557 1342 cantot

45 1378 114 1431 Euge,
123 1387 184 1430 puer,
193 1371 268 1427 sapias.
278 1371 320 1412 Diis
329 1371 483 1426 depellentibus
492 1385 570 1429 agnam

45 1450 140 1490 Percute.
150 1445 201 1496 Sed,
209 1442 298 1494 censen',
307 1441 411 1498 plorabit,
420 1445 486 1496 Dave,
496 1444 579 1486 relictat

46 1518 145 1576 tingatis.
156 1515 227 1566 Solea,
236 1528 295 1570 puer,
305 1511 446 1569 objurgabere
455 1517 526 1556 rubra.

73 1593 108 1633 Ns
117 1587 223 1644 trepidare
231 1584 293 1636 velis,
302 1593 366 1639 atque
374 1593 432 1626 artos
441 1586 514 1626 rodere
524 1598 598 1628 casses.

47 1666 112 1707 Nune
121 1661 192 1711 tems,
200 1668 222 1700 et
230 1657 309 1700 violens
317 1673 322 1698 ε
331 1665 353 1698 at
361 1656 379 1697 si
389 1665 460 1706 vocet,
469 1656 528 1698 haud
536 1670 609 1709 mora,
619 1659 685 1708 dicas.

47 1737 158 1795 Quidnam
165 1732 230 1789 igitur
236 1731 327 1773 faciam!
336 1743 363 1771 ne
369 1742 428 1771 nnnc
434 1761 440 1780 ,
447 1742 497 1770 cum
505 1741 608 1784 accersat,
616 1741 637 1774 et
644 1733 699 1774 ultro

45 1807 166 1865 Supplicet,
176 1804 288 1847 aocedmt
296 1802 317 1844 si
326 1811 384 1844 totus
392 1811 414 1844 et
422 1801 502 1857 integer
510 1801 568 1845 illinc

46 1882 143 1931 Exieras,
151 1892 191 1921 nec
199 1891 264 1920 nunc.
274 1876 310 1918 ttic
319 1876 366 1928 liic,
375 1888 440 1930 quern
449 1875 575 1930 quaerimus,
584 1877 619 1921 hic
628 1888 670 1922 est:

46 1958 96 1999 Non
105 1955 130 1996 in
139 1952 231 2002 festuca,
240 1951 302 1993 lictor
310 1964 377 2006 quam
382 1950 452 2004 jactat
460 1949 550 2004 ineptus.

74 2031 113 2070 lus
122 2026 188 2068 habet
196 2023 231 2065 ille
239 2024 274 2065 sui
282 2022 356 2079 pslpo,
365 2037 430 2078 quem
440 2021 495 2065 tollit
503 2022 598 2067 hiantem

48 2103 133 2144 Cretnta
142 2097 244 2140 ambitiol
252 2096 332 2152 Vigila,
341 2107 362 2139 et
371 2097 426 2138 cicer
435 2098 505 2152 ingere
513 2096 570 2154 large

46 2170 131 2217 bimti
139 2167 231 2227 populo,
239 2176 313 2210 nostra
322 2178 347 2211 nt
355 2168 444 2210 Floralia
454 2167 534 2223 possint
