1584 2642
38 287 117 328 ιδιδ.
265 284 386 328 suitur
404 283 431 327 X.
625 289 663 330 nt

37 376 166 417 Consumsere
175 374 250 417 amba.
260 374 338 417 Mulier
346 375 460 418 sevissima
470 383 522 418 mue
531 385 573 425 est,

38 450 110 506 Quum
120 447 220 490 stimulos
229 449 279 490 odio
289 450 359 505 pudor
368 449 474 492 admovet.
486 449 543 506 Elige
551 449 655 505 quidnam

39 523 177 565 Suadeudum
187 536 232 565 esse
242 533 314 579 putes,
327 523 361 565 eui
371 523 453 566 nubere
462 523 547 568 Caesaris
557 538 611 567 uxor

39 593 145 638 Destinat?
154 595 253 650 Optimus
261 594 307 644 hie,
317 604 339 636 et
348 593 516 638 formosissimus
524 595 582 638 idem

41 669 112 712 Gentis
120 669 215 724 patriciae
225 668 308 725 rapitur
317 669 392 718 miser,
402 669 567 724 exstinguendus

8 733 10 736 ¹
41 740 157 784 Messalinae
166 741 247 784 oeulis:
257 740 340 783 dudum
350 741 409 783 sedet
418 740 455 782 illa
463 750 539 796 parato

41 815 184 866 flammeolo,
195 816 305 872 tyriusque
313 814 385 871 palam
394 813 481 870 genialis
491 815 513 855 iu
523 809 590 856 hortis

42 891 159 939 Sternitur,
170 898 191 932 et
200 890 243 932 ritu
253 891 321 932 decies
330 899 419 932 centena
429 889 540 930 dabuntur

43 965 146 1021 Antiquo;
155 963 227 1006 veniet
235 978 286 1007 cum
295 964 439 1020 signatoribus
449 975 533 1019 auspex.

8 1036 9 1039 ’
42 1039 89 1080 Her
97 1048 123 1081 tu
132 1047 212 1080 secreta
222 1047 243 1080 et
251 1038 325 1093 paucis
334 1036 450 1080 commissa
458 1037 562 1092 putabas?

43 1113 92 1154 Nou
100 1112 142 1155 nisi
152 1112 247 1168 legitime
255 1112 301 1155 vult
309 1115 390 1156 nubere
399 1130 403 1155 :
413 1112 465 1169 quid
474 1112 568 1168 placeat,
578 1113 624 1156 dict

8 1178 9 1187 ¹
44 1185 73 1227 Ni
81 1199 155 1241 parere
164 1184 216 1228 velis
221 1186 371 1242 ‚pereundum
380 1187 421 1230 erit
430 1195 480 1230 aute
488 1185 591 1230 lucemus

45 1257 66 1300 Si
75 1257 143 1302 scelus
152 1259 264 1308 admittas
274 1259 361 1302 dabitur
370 1273 432 1302 mora
441 1259 540 1317 parvula
549 1262 602 1304 dum
613 1275 645 1304 res

47 1331 104 1373 Nota
113 1330 166 1372 Urbi
176 1339 197 1373 et
206 1331 287 1387 populo
296 1331 407 1387 contingat
415 1331 516 1388 principis
524 1346 594 1374 aures.

46 1403 140 1444 Dedecus
149 1400 186 1445 ille
195 1402 273 1444 domus
282 1402 334 1445 sciet
343 1402 446 1445 ultimus:
456 1403 537 1446 interea
546 1414 570 1446 tu

48 1475 185 1532 Obsequere
178 1476 281 1531 imperio
291 1476 308 1518 si
318 1476 372 1519 tanti
382 1477 426 1519 rita
436 1477 520 1520 dierum

48 1551 178 1591 Paucorum.
188 1547 298 1605 Quidquid
308 1547 384 1590 melius
393 1547 502 1604 leviusque
511 1549 603 1604 putaris,

7 1664 14 1704 b
47 1622 165 1665 Praebeuda
173 1631 205 1664 est
213 1621 284 1676 gladio
292 1620 383 1677 pulchra
390 1622 435 1665 haee
444 1632 466 1665 et
474 1623 565 1666 candida
574 1625 648 1667 cervix.

7 1756 13 1831 i
48 1767 94 1808 Nn.
104 1779 154 1821 ergo
163 1765 272 1820 optabunt
280 1765 391 1808 homines?
400 1766 420 1808 Si
430 1765 543 1807 eonsilium
553 1766 594 1817 vis,

8 1836 16 1903 ἶ
48 1836 163 1880 Permittes
172 1834 222 1891 ipsis
231 1837 348 1892 expendere
357 1837 496 1886 numinibus,
505 1835 557 1890 quid

8 1908 9 1963 i
49 1909 171 1952 Conveniat
180 1908 255 1958 nobis,
265 1909 373 1964 rebusque
381 1908 409 1950 sit
418 1907 470 1951 utile
479 1907 567 1960 uostris;

50 1982 111 2022 Nam
120 1993 161 2035 pro
167 1978 271 2035 jucundis
280 1980 389 2036 aptissima
399 1993 488 2035 quaque
498 1979 580 2021 dabunt
589 1980 617 2022 dt.

7 2071 20 2126 p
51 2053 129 2098 Carior
143 2061 175 2095 est
184 2053 300 2096 iilishomo
309 2067 375 2108 quum
384 2053 431 2096 sibi.
442 2054 486 2094 Nos
495 2051 619 2096 animorum

50 2124 165 2181 impulsu,
173 2134 258 2167 etcaeea
268 2139 387 2181 magnaque
399 2124 499 2180 cupidine
507 2123 577 2174 ducti,

52 2197 187 2254 conjugium
196 2198 300 2253 petimus
310 2207 439 2253 partumque
449 2197 531 2248 uxoris;
541 2207 562 2240 at
570 2197 611 2240 rllrs

54 2273 154 2324 Notum,
162 2271 199 2328 qui
209 2271 281 2328 pueri,
290 2270 401 2328 qualisque
411 2270 486 2316 futura
494 2271 522 2314 sit
531 2284 590 2314 uxor.

596 2343 615 2384 ὃ.
