1584 2642
118 232 160 283 104
295 232 318 272 n.
335 232 352 271 J.
370 230 561 272 Juvauaaas
674 234 740 286 v.47.

117 322 177 361 Tunc
188 334 272 376 quoque
282 321 393 362 materiam
404 320 458 361 risus
466 320 547 363 invenit
555 322 583 363 ad
592 334 668 364 omnes

116 380 219 435 Occursus
229 392 353 443 hominum,
363 392 425 447 cujus
434 392 547 446 prudentia
556 403 664 436 monstrat
788 407 792 432 t

118 468 218 509 Summos
227 480 287 522 posse
296 467 363 518 viros,
373 476 394 508 et
403 480 481 521 magua
490 466 586 523 exempla
595 468 697 521 daturos,

118 540 235 581 Vervecum
244 540 268 580 iu
276 538 346 594 patria
354 552 466 593 crassoque
475 540 516 579 sub
524 552 572 580 aere
580 539 646 581 nase'u

115 612 204 654 Ridebat
212 624 284 662 curas,
295 624 333 653 nec
345 624 388 653 uon
398 621 420 653 et
427 610 505 665 gaudia
514 611 582 666 vulgi,
641 605 647 617 ¹

117 686 228 727 Interdum
238 696 259 727 et
267 684 382 741 lacrymas,
392 699 461 739 quum
470 687 568 727 Fortuna
579 684 623 740 ipse
632 686 715 728 minaei
790 687 792 697 ’

117 758 228 807 Maudaret
236 758 349 813 laqueum,
359 758 498 811 mediumque
506 758 626 799 ostenderet
635 772 741 814 unguem.

117 831 171 885 Ergo
181 844 311 886 supervacua
320 829 365 872 hec
375 840 413 872 aut
422 829 539 885 perniciosa
546 839 660 883 petuntur,

118 906 206 959 Propter
215 920 262 961 quae
271 904 303 947 fas
312 914 344 947 est
353 917 422 960 genua
430 904 524 945 incerare
535 904 632 944 deonuu.

119 1052 224 1107 Quasnam
234 1052 350 1107 praecipitat
358 1052 455 1107 subjecta
463 1051 558 1107 potentia
567 1064 651 1108 maguae

117 1119 213 1172 Invidiae,
224 1122 300 1175 mergit
311 1122 374 1175 longa
383 1132 447 1177 atque
457 1123 544 1178 insignis
553 1123 662 1165 honorum

116 1192 206 1247 pagium
217 1192 441 1244 descendentem,
452 1204 571 1249 restemque
580 1206 714 1251 sequuntur:

117 1267 174 1320 {psas
183 1264 258 1305 deinde
268 1272 324 1304 rotas
333 1263 432 1319 bigarum
441 1266 534 1321 impacta
543 1269 623 1310 securis

118 1336 194 1386 caedit,
204 1344 225 1377 et
233 1333 345 1376 immeritis
354 1334 484 1391 franguntur
493 1352 556 1380 crura
564 1339 658 1383 caballis.
722 1370 727 1375 -

118 1410 166 1448 Jam
176 1406 268 1448 stridunt
277 1405 346 1459 ignes,
352 1406 401 1460 jam
411 1406 498 1451 follibus
508 1419 572 1465 atque
582 1412 672 1455 caminis

118 1480 181 1522 Ardet
191 1479 303 1519 adoratum
313 1478 392 1533 populo
402 1491 476 1536 caput,
486 1492 507 1525 et
515 1494 588 1539 crepat
596 1485 671 1541 ingens

118 1550 216 1606 Sejanus5
226 1549 301 1591 deiude
311 1563 335 1591 ex
345 1550 399 1593 facie
409 1561 454 1595 toto
462 1554 514 1594 orbe
522 1556 615 1597 secunda

118 1623 182 1664 Piuut
191 1620 269 1662 urceoli
278 1654 283 1671 ,
292 1621 372 1676 pelves,
381 1632 476 1679 sartago,
486 1625 573 1679 patella.

118 1699 173 1737 Pone
182 1694 241 1736 domi
250 1695 333 1746 lauros,
343 1696 383 1738 due
394 1696 416 1737 in
426 1698 529 1753 Capitolia
538 1713 643 1755 maguum

117 1770 268 1821 cretatumque
277 1768 367 1819 bovem,
377 1768 464 1824 Sejanus
474 1770 559 1812 ducitur
569 1785 625 1814 unco

117 1842 252 1897 Spectandus.
263 1842 359 1884 Gaudent
368 1856 449 1885 omnes.
458 1845 509 1898 Qua
518 1844 588 1886 labra!
598 1846 650 1900 Quis
659 1848 691 1889 illi

119 1912 197 1957 Vultus
206 1914 260 1954 eret!
272 1914 400 1969 Nunquam,
409 1915 427 1955 si
436 1914 487 1969 quid
498 1915 550 1956 mihi
560 1917 640 1968 credis,
650 1923 724 1963 amavi

118 1988 178 2031 Hune
187 1985 304 2027 hominem.
315 1988 354 2027 Sed
363 2001 407 2041 quo
415 1987 490 2030 cecidit
498 1988 538 2035 sub
548 1989 649 2033 crimine!
658 1995 763 2048 quisnam

118 2056 212 2098 uelatort
222 2057 299 2110 quibus
309 2056 402 2107 iudiciis,
411 2071 454 2111 quo
464 2067 515 2100 teste
524 2060 633 2115 probavit!

120 2128 155 2170 Nil
165 2130 256 2170 horum:
267 2130 354 2169 verbosa
364 2138 384 2169 et
393 2130 478 2183 grandis
487 2132 575 2186 epistola
584 2134 641 2176 veuit

120 2205 135 2244 Δ
146 2202 234 2256 Capreis.
246 2203 298 2242 Beue
308 2201 383 2252 habet,
393 2202 424 2245 uil
433 2203 481 2258 plus
489 2205 604 2261 interrogo.
613 2209 653 2250 Sed
661 2211 716 2266 quid
