1584 2642
111 249 150 290 nt
287 245 311 286 u.
328 245 347 285 t.
364 241 556 285 Juvsutms
674 245 747 297 stc.

108 339 167 381 Adde
175 347 197 381 et
203 336 332 387 bascaudas,
342 344 364 377 et
372 334 431 377 mille
441 335 531 383 escaria,
542 332 638 376 multum

107 410 191 462 Caluri,
200 410 284 451 biberat
292 420 336 462 quo
345 406 435 448 callidus
444 415 514 448 emtor
523 405 616 462 Olynthi.

108 559 149 600 sin
159 557 207 612 quis
215 569 274 597 nunc
284 554 350 606 alius,
359 568 403 610 qua
414 553 490 596 mundi
500 562 570 609 parte,
580 553 628 607 quis
639 555 706 596 audct

109 632 203 685 Argeuto
213 628 312 685 preferre
322 636 399 684 caput,
410 629 516 682 rebusque
526 625 630 668 salutem!

109 705 161 746 Non
169 713 256 760 propter
265 703 331 745 vitum
341 701 424 744 faciunt
432 701 563 758 patrimonia
571 701 673 756 quidam,

110 779 150 821 Sed
159 778 211 822 vitio
220 779 268 821 caeci
278 788 365 834 propter
373 776 504 833 patrimonia
512 777 593 818 vivunt.

109 852 206 894 lactatur
216 864 290 893 rerum
300 849 386 892 utilium
396 861 445 904 pars
454 846 559 898 mmmm
570 847 607 888 sed
616 861 656 889 uec

109 925 193 966 Dumna
202 925 273 967 lerunt
283 940 288 964 z
299 933 362 973 tunc,
372 921 463 965 adversis
473 920 610 975 urgentibus,
619 919 671 962 illuc

108 996 190 1038 Recidit
199 1006 224 1039 ut
233 998 316 1039 malum
326 995 382 1037 ferro
391 992 547 1042 summitteret,
556 1006 580 1034 ac
589 1007 611 1034 se

111 1068 207 1122 Explicat
215 1076 344 1122 anguem,
353 1066 482 1108 discriminis
492 1064 568 1107 ultima
577 1066 666 1119 quaudo

110 1141 210 1184 pissidia
220 1140 333 1182 afferimus
342 1153 419 1182 navem
429 1139 512 1182 factura
521 1139 636 1181 minorem.

109 1289 120 1333 1
130 1301 200 1340 nuuc,
209 1296 231 1330 ct
238 1286 306 1329 ventis
316 1286 412 1328 animam
421 1287 544 1338 committe,
553 1285 627 1328 dolato

111 1363 210 1406 Confisus
219 1361 289 1416 ligno,
297 1360 369 1415 digitis
377 1374 390 1402 a
400 1371 469 1403 morte
479 1370 573 1403 remotus

110 1437 226 1492 Quattuor,
236 1441 274 1475 aut
283 1442 378 1488 septem,
387 1433 404 1474 si
414 1432 442 1475 sit
450 1433 552 1476 latissima
562 1433 622 1475 reda.

111 1509 221 1550 Murcum
231 1505 335 1555 reticulis,
345 1515 367 1547 et
375 1519 442 1561 pune,
451 1514 473 1548 et
481 1515 554 1548 ventre
563 1504 641 1561 legente

111 1579 200 1634 Adspice
209 1578 327 1620 sumendas
338 1577 361 1618 in
372 1585 496 1632 tempestate
506 1591 595 1619 secures.

110 1654 152 1697 Sed
160 1663 274 1709 postquam
281 1651 352 1708 jacuit
361 1651 451 1707 planum
461 1665 531 1702 mare,
542 1660 640 1706 tempora
648 1661 772 1707 postquam-

111 1731 213 1783 Prospera
222 1727 322 1779 vectoris,
333 1727 446 1781 fatumque
458 1724 562 1768 valentius
571 1727 627 1767 Euro

114 1802 141 1849 Et
149 1799 235 1856 pelago,
245 1809 359 1855 postquam
368 1802 438 1841 Parcae
447 1797 537 1840 meliora
546 1797 638 1852 benigna

112 1875 179 1916 Pensa
188 1887 255 1915 manu
264 1873 348 1915 ducunt
355 1872 445 1922 hilares,
454 1881 476 1914 et
484 1871 581 1913 staminis
590 1871 633 1913 albi

113 1945 224 1995 bunifime,
235 1944 322 1986 modica
330 1957 369 1986 nec
379 1943 474 1985 multum
483 1942 560 1985 fortior
568 1956 621 1984 uum

112 2019 196 2060 Ventus
206 2019 274 2068 adest3
284 2018 343 2073 inopi
353 2017 480 2058 miserabilis
489 2025 535 2059 arte
544 2015 640 2059 cucurrit

115 2084 215 2131 Vestibus
224 2089 326 2139 extensis,
335 2097 368 2139 et,
377 2088 435 2142 quod
446 2098 581 2143 superaverat
589 2101 671 2142 unum,

114 2161 168 2203 velo
177 2175 240 2216 prora
249 2176 295 2204 suo.
308 2164 357 2203 Jum
366 2161 513 2203 deficientibus
523 2162 611 2215 austris,

115 2233 167 2286 Spes
175 2233 222 2277 uiue
231 2247 281 2276 cum
291 2233 334 2278 sole
342 2233 408 2284 redit;
420 2241 466 2275 tum
474 2244 546 2289 gratus
555 2234 612 2283 Iulo,
