1584 2642
20 193 53 222 s.
70 180 110 235 46.
274 180 393 222 stunt
411 179 452 222 VI.
639 180 679 221 soi

29 271 91 310 lam
102 268 231 325 chlamydes
240 281 326 324 regum,
332 267 381 324 jam
390 267 448 310 lutea
457 279 549 322 gausapa
559 265 638 322 ceptis,

31 343 181 397 Essedrque
192 342 329 398 ingentesque
338 343 394 384 locst
402 341 496 384 Caesonia
505 341 600 383 hheuos:

31 415 85 456 Diis
95 414 173 470 igitur,
183 414 288 470 genioque
297 415 369 464 ducis,
379 424 467 456 centum
476 413 547 469 paria,
557 414 585 454 ob
595 427 627 455 res

33 488 133 543 Egregie
144 498 224 542 gestas,
234 488 327 531 induco:
336 488 384 543 quis
393 493 462 529 vetat!
472 487 534 530 aude.

32 562 92 612 Vae,
103 561 147 602 nisi
157 560 263 603 connives.
273 559 361 609 Oleum,
371 569 520 613 artocreasque
530 557 614 614 popello

35 634 147 690 Largior:
159 647 187 675 un
196 633 308 690 prohibest
316 633 350 675 dic
359 632 428 674 clare:
438 634 487 674 Non
497 633 561 681 adeo,
571 631 655 687 inquis:

37 710 162 750 Exossatus
172 722 222 763 ager
227 708 292 765 juxta
301 719 338 750 est.
348 710 401 762 Age.
410 707 428 748 si
438 707 491 748 mihi
502 706 561 749 nulle

40 784 95 824 lam
106 781 190 837 reliqua
199 797 224 825 ex
234 783 318 832 amitis,
327 781 428 838 patruelis
438 781 508 830 nulle,
518 780 626 836 proneptis

39 855 113 898 Nulla
122 865 208 905 manet3
219 855 289 912 patrui
299 855 375 897 sterilis
385 865 500 897 matertera
509 855 570 905 vixit,

41 929 120 983 Deque
131 927 178 969 avia
187 927 281 970 nihilum
290 937 397 983 superest:
407 928 485 969 accedo
494 925 594 977 Bovillas,

40 1002 174 1057 Clivumque
184 1003 211 1044 ad
221 1002 294 1044 Virbi:
305 1012 382 1057 presto
391 1012 424 1044 est
433 1000 486 1042 mihi
496 999 580 1042 Manius
589 999 660 1050 heres,

40 1074 158 1130 Progenies
168 1083 240 1117 terrae:
250 1088 321 1129 quaere
329 1089 354 1117 ex
364 1089 411 1126 me,
420 1074 468 1129 quis
478 1073 530 1114 mihi
539 1083 629 1128 quartus

42 1147 405 1202 Sitpnter,haudpr0mpte‚dieam
412 1145 624 1188 tamenmddeetiam
630 1157 705 1195 unum,

44 1221 121 1260 Unum
131 1219 209 1269 etiam,
218 1228 277 1260 terrae
287 1217 371 1274 estjam
381 1218 451 1260 filius:
462 1217 545 1261 etmihi
555 1217 599 1260 ritu

45 1291 134 1334 Manius
143 1291 178 1334 hic
187 1291 268 1347 generis
277 1305 343 1347 prope
353 1292 424 1347 major
433 1292 552 1334 avunculus
561 1300 634 1334 exstet.

47 1367 90 1423 Qui
100 1366 159 1421 prior
167 1375 210 1417 est,
219 1379 258 1408 cur
267 1379 302 1407 me
311 1365 334 1406 in
344 1367 436 1408 decursu
445 1367 545 1422 lampade
554 1370 640 1421 posces!

47 1439 103 1479 Sum
112 1437 151 1480 tibi
160 1437 290 1482 Merctuius:
300 1437 361 1478 venio
370 1439 426 1479 Deus
434 1438 477 1480 huc
486 1452 535 1493 ego,
545 1435 613 1478 utine

47 1509 152 1566 Pingitur,
161 1523 189 1551 en
198 1509 282 1552 renuis!
292 1509 331 1551 vin'
341 1518 365 1550 tu
374 1510 466 1564 gaudere
476 1509 565 1551 relictis?

49 1583 111 1624 Deest
119 1581 198 1637 aliquid
207 1593 304 1624 summm
315 1581 382 1622 Minui
392 1581 445 1621 mihi
454 1596 458 1620 :
468 1581 504 1622 sed
514 1580 551 1622 tihi
563 1589 632 1622 totum
641 1588 683 1630 est,

49 1656 155 1714 Quicquid
160 1657 181 1698 id
186 1665 224 1698 est.
229 1655 270 1697 Ubi
275 1656 309 1707 sit,
315 1655 364 1711 fuge
368 1655 537 1710 quaerere‚quod
543 1654 712 1710 mihiquondum

49 1733 137 1786 Legerat
145 1729 233 1778 Tadius,
242 1742 285 1770 neu
294 1729 350 1770 dicta
359 1740 444 1783 oppone
452 1736 547 1782 paterne.

52 1803 144 1846 Foenoris
152 1803 238 1844 accedet
247 1815 340 1844 merces:
350 1801 400 1842 hinc
410 1800 478 1842 exime
487 1810 585 1843 sumtus:

52 1877 108 1935 Quid
114 1874 217 1930 reliquum
222 1871 460 1928 esttreliquumtnune‚
466 1885 524 1916 nunc
529 1872 646 1930 impensius
651 1885 717 1928 unge:

53 1953 121 2007 Unge,
131 1962 188 2005 puer,
197 1947 273 1990 caules.
283 1947 336 1989 Mihi
345 1947 400 1989 testa
408 1946 455 1989 luce
464 1956 569 2002 coquatur

55 2022 133 2072 usuca,
141 2029 162 2063 et
169 2020 218 2062 fissa
227 2033 354 2075 spumosum
363 2019 456 2075 sinciput
464 2032 516 2060 nure
524 2033 529 2060 :

53 2099 82 2141 Ut
91 2107 137 2138 tuus
146 2095 183 2136 iste
191 2108 257 2150 nepos
265 2094 317 2136 olim
327 2104 387 2136 satur
395 2092 474 2137 anseris
484 2093 546 2145 extis,

56 2171 109 2213 Cum
116 2179 198 2210 morosa
204 2179 259 2222 tego
267 2165 376 2221 singttltiet
383 2166 473 2223 inguine
481 2179 544 2218 vena,
