<?xml version="1.0" encoding="UTF-8"?>
<!DOCTYPE html PUBLIC "-//W3C//DTD XHTML 1.0 Transitional//EN"
    "http://www.w3.org/TR/xhtml1/DTD/xhtml1-transitional.dtd">
<html xmlns="http://www.w3.org/1999/xhtml" xml:lang="en" lang="en">
 <head>
  <title>
</title>
<meta http-equiv="Content-Type" content="text/html;charset=utf-8" />
  <meta name='ocr-system' content='tesseract 3.04.00' />
  <meta name='ocr-capabilities' content='ocr_page ocr_carea ocr_par ocr_line ocrx_word'/>
</head>
<body>
  <div class='ocr_page' id='page_1' title='image "./djuniijuvenalis00rupegoog_0188.png"; bbox 0 0 1584 2642; ppageno 0'>
   <div class='ocr_carea' id='block_1_1' title="bbox 138 221 768 266">
    <p class='ocr_par' dir='ltr' id='par_1_1' title="bbox 138 221 768 266">
     <span class='ocr_line' id='line_1_1' title="bbox 138 221 768 266; baseline -0.008 0"><span class='ocrx_word' id='word_1_1' title='bbox 138 223 178 266; x_wconf 72' lang='lat'>180</span> <span class='ocrx_word' id='word_1_2' title='bbox 372 224 396 264; x_wconf 82' lang='grc' dir='ltr'>Λ.</span> <span class='ocrx_word' id='word_1_3' title='bbox 414 221 526 264; x_wconf 73' lang='lat' dir='ltr'>ratstt</span> <span class='ocrx_word' id='word_1_4' title='bbox 690 235 711 262; x_wconf 84' lang='lat' dir='ltr'>v.</span> <span class='ocrx_word' id='word_1_5' title='bbox 726 223 768 262; x_wconf 80' lang='lat'>115.</span> 
     </span>
    </p>
   </div>
   <div class='ocr_carea' id='block_1_2' title="bbox 122 311 777 1765">
    <p class='ocr_par' dir='ltr' id='par_1_2' title="bbox 133 311 706 432">
     <span class='ocr_line' id='line_1_2' title="bbox 133 311 706 371; baseline -0.009 -13"><span class='ocrx_word' id='word_1_6' title='bbox 133 316 174 365; x_wconf 79' lang='lat' dir='ltr'>Te.</span> <span class='ocrx_word' id='word_1_7' title='bbox 184 317 253 371; x_wconf 82' lang='lat' dir='ltr'>Lupe,</span> <span class='ocrx_word' id='word_1_8' title='bbox 263 324 294 365; x_wconf 84' lang='lat' dir='ltr'>te,</span> <span class='ocrx_word' id='word_1_9' title='bbox 304 313 370 365; x_wconf 82' lang='lat' dir='ltr'>Mati,</span> <span class='ocrx_word' id='word_1_10' title='bbox 381 323 403 356; x_wconf 89' lang='lat' dir='ltr'>et</span> <span class='ocrx_word' id='word_1_11' title='bbox 412 313 532 369; x_wconf 75' lang='lat' dir='ltr'>genuinum</span> <span class='ocrx_word' id='word_1_12' title='bbox 541 312 604 369; x_wconf 75' lang='lat' dir='ltr'>fregit</span> <span class='ocrx_word' id='word_1_13' title='bbox 614 312 638 354; x_wconf 89' lang='lat' dir='ltr'>in</span> <span class='ocrx_word' id='word_1_14' title='bbox 648 311 691 354; x_wconf 86' lang='lat' dir='ltr'>illis</span> <span class='ocrx_word' id='word_1_15' title='bbox 701 326 706 351; x_wconf 95' lang='lat'><strong>:</strong></span> 
     </span>
     <span class='ocr_line' id='line_1_3' title="bbox 135 386 619 432; baseline -0.008 0"><span class='ocrx_word' id='word_1_16' title='bbox 135 392 204 432; x_wconf 78' lang='lat' dir='ltr'>Omne</span> <span class='ocrx_word' id='word_1_17' title='bbox 213 389 271 431; x_wconf 75' lang='lat' dir='ltr'>valer</span> <span class='ocrx_word' id='word_1_18' title='bbox 280 389 356 431; x_wconf 80' lang='lat' dir='ltr'>vitium</span> <span class='ocrx_word' id='word_1_19' title='bbox 366 387 444 431; x_wconf 76' lang='lat' dir='ltr'><strong>ridenti</strong></span> <span class='ocrx_word' id='word_1_20' title='bbox 454 387 539 430; x_wconf 83' lang='lat' dir='ltr'>Flaccus</span> <span class='ocrx_word' id='word_1_21' title='bbox 548 386 619 429; x_wconf 88' lang='lat' dir='ltr'>amico</span> 
     </span>
    </p>

    <p class='ocr_par' dir='ltr' id='par_1_3' title="bbox 131 459 661 594">
     <span class='ocr_line' id='line_1_4' title="bbox 133 459 661 520; baseline -0.006 -13"><span class='ocrx_word' id='word_1_22' title='bbox 133 463 221 520; x_wconf 69' lang='lat' dir='ltr'>Tangit,</span> <span class='ocrx_word' id='word_1_23' title='bbox 231 473 252 506; x_wconf 86' lang='lat' dir='ltr'>et</span> <span class='ocrx_word' id='word_1_24' title='bbox 261 464 367 506; x_wconf 87' lang='lat' dir='ltr'>admissus</span> <span class='ocrx_word' id='word_1_25' title='bbox 375 464 458 506; x_wconf 86' lang='lat' dir='ltr'>circum</span> <span class='ocrx_word' id='word_1_26' title='bbox 468 461 584 517; x_wconf 73' lang='lat' dir='ltr'>praecordia</span> <span class='ocrx_word' id='word_1_27' title='bbox 592 459 661 513; x_wconf 87' lang='lat' dir='ltr'>ludit,</span> 
     </span>
     <span class='ocr_line' id='line_1_5' title="bbox 131 537 653 594; baseline -0.008 -14"><span class='ocrx_word' id='word_1_28' title='bbox 131 537 226 580; x_wconf 76' lang='lat' dir='ltr'>Callidus</span> <span class='ocrx_word' id='word_1_29' title='bbox 235 551 322 580; x_wconf 84' lang='lat' dir='ltr'>excusso</span> <span class='ocrx_word' id='word_1_30' title='bbox 332 537 439 594; x_wconf 85' lang='lat' dir='ltr'>populum</span> <span class='ocrx_word' id='word_1_31' title='bbox 449 537 577 592; x_wconf 74' lang='lat' dir='ltr'>suspendere</span> <span class='ocrx_word' id='word_1_32' title='bbox 586 549 639 578; x_wconf 86' lang='lat' dir='ltr'>naso</span> <span class='ocrx_word' id='word_1_33' title='bbox 648 551 653 575; x_wconf 78' lang='grc' dir='ltr'><em>τ</em></span> 
     </span>
    </p>

    <p class='ocr_par' dir='ltr' id='par_1_4' title="bbox 127 611 777 881">
     <span class='ocr_line' id='line_1_6' title="bbox 132 611 777 666; baseline -0.006 -11"><span class='ocrx_word' id='word_1_34' title='bbox 132 612 187 655; x_wconf 80' lang='lat' dir='ltr'>Men&#39;</span> <span class='ocrx_word' id='word_1_35' title='bbox 192 613 271 655; x_wconf 88' lang='lat' dir='ltr'>mutire</span> <span class='ocrx_word' id='word_1_36' title='bbox 279 612 350 664; x_wconf 82' lang='lat' dir='ltr'>nefas,</span> <span class='ocrx_word' id='word_1_37' title='bbox 358 626 397 655; x_wconf 89' lang='lat' dir='ltr'>nec</span> <span class='ocrx_word' id='word_1_38' title='bbox 405 612 472 661; x_wconf 83' lang='lat' dir='ltr'>elam,</span> <span class='ocrx_word' id='word_1_39' title='bbox 480 625 575 653; x_wconf 85' lang='lat' dir='ltr'>neccum</span> <span class='ocrx_word' id='word_1_40' title='bbox 583 611 672 652; x_wconf 71' lang='lat' dir='ltr'>scrobe?</span> <span class='ocrx_word' id='word_1_41' title='bbox 680 620 777 666; x_wconf 74' lang='lat' dir='ltr'>nusquam</span> 
     </span>
     <span class='ocr_line' id='line_1_7' title="bbox 131 685 656 742; baseline -0.002 -15"><span class='ocrx_word' id='word_1_42' title='bbox 131 686 169 728; x_wconf 88' lang='lat' dir='ltr'>llic</span> <span class='ocrx_word' id='word_1_43' title='bbox 179 696 252 730; x_wconf 87' lang='lat' dir='ltr'>tamen</span> <span class='ocrx_word' id='word_1_44' title='bbox 261 685 374 730; x_wconf 75' lang='lat' dir='ltr'><strong>infodiam.</strong></span> <span class='ocrx_word' id='word_1_45' title='bbox 384 687 445 737; x_wconf 84' lang='lat' dir='ltr'>Vidi,</span> <span class='ocrx_word' id='word_1_46' title='bbox 454 687 497 728; x_wconf 87' lang='lat' dir='ltr'>vidi</span> <span class='ocrx_word' id='word_1_47' title='bbox 507 687 562 742; x_wconf 76' lang='lat' dir='ltr'>ipse,</span> <span class='ocrx_word' id='word_1_48' title='bbox 572 685 656 727; x_wconf 81' lang='lat' dir='ltr'>libelle:</span> 
     </span>
     <span class='ocr_line' id='line_1_8' title="bbox 127 759 726 816; baseline 0.003 -16"><span class='ocrx_word' id='word_1_49' title='bbox 127 759 240 802; x_wconf 76' lang='lat' dir='ltr'>durieulas</span> <span class='ocrx_word' id='word_1_50' title='bbox 249 759 306 802; x_wconf 71' lang='lat' dir='ltr'>Asini</span> <span class='ocrx_word' id='word_1_51' title='bbox 315 760 363 816; x_wconf 86' lang='lat' dir='ltr'>quis</span> <span class='ocrx_word' id='word_1_52' title='bbox 372 774 416 802; x_wconf 86' lang='lat' dir='ltr'>non</span> <span class='ocrx_word' id='word_1_53' title='bbox 427 759 503 801; x_wconf 76' lang='lat' dir='ltr'>habet!</span> <span class='ocrx_word' id='word_1_54' title='bbox 513 761 556 802; x_wconf 85' lang='lat' dir='ltr'>lloc</span> <span class='ocrx_word' id='word_1_55' title='bbox 565 772 603 814; x_wconf 71' lang='lat' dir='ltr'>ego</span> <span class='ocrx_word' id='word_1_56' title='bbox 613 767 726 814; x_wconf 78' lang='lat' dir='ltr'>opertum,</span> 
     </span>
     <span class='ocr_line' id='line_1_9' title="bbox 129 830 641 881; baseline -0.002 -8"><span class='ocrx_word' id='word_1_57' title='bbox 129 831 174 873; x_wconf 86' lang='lat' dir='ltr'>lloc</span> <span class='ocrx_word' id='word_1_58' title='bbox 183 831 251 874; x_wconf 90' lang='lat' dir='ltr'>ridere</span> <span class='ocrx_word' id='word_1_59' title='bbox 260 845 335 874; x_wconf 88' lang='lat' dir='ltr'>meum</span> <span class='ocrx_word' id='word_1_60' title='bbox 345 841 390 874; x_wconf 92' lang='lat' dir='ltr'>tam</span> <span class='ocrx_word' id='word_1_61' title='bbox 400 830 441 881; x_wconf 78' lang='lat' dir='ltr'>nil,</span> <span class='ocrx_word' id='word_1_62' title='bbox 451 831 510 873; x_wconf 85' lang='lat' dir='ltr'>nulla</span> <span class='ocrx_word' id='word_1_63' title='bbox 520 831 558 873; x_wconf 88' lang='lat' dir='ltr'>tibi</span> <span class='ocrx_word' id='word_1_64' title='bbox 568 831 641 878; x_wconf 68' lang='lat' dir='ltr'>vendo.</span> 
     </span>
    </p>

    <p class='ocr_par' dir='ltr' id='par_1_5' title="bbox 127 903 610 960">
     <span class='ocr_line' id='line_1_10' title="bbox 127 903 610 960; baseline -0.004 -14"><span class='ocrx_word' id='word_1_65' title='bbox 127 903 200 947; x_wconf 88' lang='lat' dir='ltr'>lliade.</span> <span class='ocrx_word' id='word_1_66' title='bbox 210 904 289 948; x_wconf 82' lang='lat' dir='ltr'>ludaei</span> <span class='ocrx_word' id='word_1_67' title='bbox 298 906 422 960; x_wconf 85' lang='lat' dir='ltr'>quicunque</span> <span class='ocrx_word' id='word_1_68' title='bbox 431 903 504 945; x_wconf 83' lang='lat' dir='ltr'>alllate</span> <span class='ocrx_word' id='word_1_69' title='bbox 513 903 610 954; x_wconf 78' lang='lat' dir='ltr'>Cratino,</span> 
     </span>
    </p>

    <p class='ocr_par' dir='ltr' id='par_1_6' title="bbox 126 975 688 1176">
     <span class='ocr_line' id='line_1_11' title="bbox 128 975 680 1034; baseline 0 -16"><span class='ocrx_word' id='word_1_70' title='bbox 128 978 210 1019; x_wconf 87' lang='lat' dir='ltr'>lratum</span> <span class='ocrx_word' id='word_1_71' title='bbox 220 978 345 1034; x_wconf 81' lang='lat' dir='ltr'>Eupolidem</span> <span class='ocrx_word' id='word_1_72' title='bbox 355 977 473 1034; x_wconf 72' lang='lat' dir='ltr'>praegrandi</span> <span class='ocrx_word' id='word_1_73' title='bbox 483 991 532 1018; x_wconf 85' lang='lat' dir='ltr'>oum</span> <span class='ocrx_word' id='word_1_74' title='bbox 543 990 593 1018; x_wconf 83' lang='lat' dir='ltr'>sene</span> <span class='ocrx_word' id='word_1_75' title='bbox 602 975 680 1033; x_wconf 82' lang='lat' dir='ltr'>palles,</span> 
     </span>
     <span class='ocr_line' id='line_1_12' title="bbox 127 1048 688 1103; baseline 0 -14"><span class='ocrx_word' id='word_1_76' title='bbox 127 1048 215 1103; x_wconf 75' lang='lat' dir='ltr'>Adspice</span> <span class='ocrx_word' id='word_1_77' title='bbox 224 1058 245 1091; x_wconf 87' lang='lat' dir='ltr'>et</span> <span class='ocrx_word' id='word_1_78' title='bbox 254 1049 310 1101; x_wconf 74' lang='lat' dir='ltr'>laec,</span> <span class='ocrx_word' id='word_1_79' title='bbox 319 1051 337 1091; x_wconf 90' lang='lat' dir='ltr'>si</span> <span class='ocrx_word' id='word_1_80' title='bbox 347 1049 403 1093; x_wconf 84' lang='lat' dir='ltr'>lorte</span> <span class='ocrx_word' id='word_1_81' title='bbox 412 1049 493 1103; x_wconf 87' lang='lat' dir='ltr'>aliquid</span> <span class='ocrx_word' id='word_1_82' title='bbox 502 1049 609 1091; x_wconf 76' lang='lat' dir='ltr'><strong>decoctius</strong></span> <span class='ocrx_word' id='word_1_83' title='bbox 619 1049 688 1091; x_wconf 87' lang='lat' dir='ltr'>audis.</span> 
     </span>
     <span class='ocr_line' id='line_1_13' title="bbox 126 1119 588 1176; baseline 0.006 -16"><span class='ocrx_word' id='word_1_84' title='bbox 126 1121 178 1162; x_wconf 89' lang='lat' dir='ltr'>lnde</span> <span class='ocrx_word' id='word_1_85' title='bbox 187 1132 288 1176; x_wconf 83' lang='lat' dir='ltr'>vaporata</span> <span class='ocrx_word' id='word_1_86' title='bbox 296 1121 364 1163; x_wconf 87' lang='lat' dir='ltr'>lector</span> <span class='ocrx_word' id='word_1_87' title='bbox 372 1121 426 1163; x_wconf 87' lang='lat' dir='ltr'>mihi</span> <span class='ocrx_word' id='word_1_88' title='bbox 436 1119 516 1163; x_wconf 81' lang='lat' dir='ltr'>ferveat</span> <span class='ocrx_word' id='word_1_89' title='bbox 525 1135 588 1172; x_wconf 82' lang='lat' dir='ltr'>aure,</span> 
     </span>
    </p>

    <p class='ocr_par' dir='ltr' id='par_1_7' title="bbox 124 1191 689 1319">
     <span class='ocr_line' id='line_1_14' title="bbox 125 1191 689 1250; baseline 0.009 -18"><span class='ocrx_word' id='word_1_90' title='bbox 125 1192 174 1234; x_wconf 81' lang='lat' dir='ltr'>Non</span> <span class='ocrx_word' id='word_1_91' title='bbox 184 1191 230 1242; x_wconf 88' lang='lat' dir='ltr'>hic,</span> <span class='ocrx_word' id='word_1_92' title='bbox 239 1192 306 1247; x_wconf 87' lang='lat' dir='ltr'>quiin</span> <span class='ocrx_word' id='word_1_93' title='bbox 316 1193 412 1249; x_wconf 75' lang='lat' dir='ltr'>crepidas</span> <span class='ocrx_word' id='word_1_94' title='bbox 421 1193 534 1235; x_wconf 86' lang='lat' dir='ltr'>Graiorum</span> <span class='ocrx_word' id='word_1_95' title='bbox 545 1194 617 1236; x_wconf 86' lang='lat' dir='ltr'>ludere</span> <span class='ocrx_word' id='word_1_96' title='bbox 627 1193 689 1250; x_wconf 69' lang='lat' dir='ltr'>gestit</span> 
     </span>
     <span class='ocr_line' id='line_1_15' title="bbox 124 1262 627 1319; baseline 0.006 -15"><span class='ocrx_word' id='word_1_97' title='bbox 124 1262 237 1315; x_wconf 80' lang='lat' dir='ltr'>Sordidus,</span> <span class='ocrx_word' id='word_1_98' title='bbox 246 1271 268 1304; x_wconf 89' lang='lat' dir='ltr'>et</span> <span class='ocrx_word' id='word_1_99' title='bbox 276 1262 336 1305; x_wconf 81' lang='lat' dir='ltr'>lusco</span> <span class='ocrx_word' id='word_1_100' title='bbox 345 1264 382 1319; x_wconf 86' lang='lat' dir='ltr'>qui</span> <span class='ocrx_word' id='word_1_101' title='bbox 391 1265 459 1319; x_wconf 81' lang='lat' dir='ltr'>possit</span> <span class='ocrx_word' id='word_1_102' title='bbox 468 1265 549 1316; x_wconf 87' lang='lat' dir='ltr'>dicere,</span> <span class='ocrx_word' id='word_1_103' title='bbox 558 1265 627 1315; x_wconf 80' lang='lat' dir='ltr'>lusce,</span> 
     </span>
    </p>

    <p class='ocr_par' dir='ltr' id='par_1_8' title="bbox 124 1334 722 1466">
     <span class='ocr_line' id='line_1_16' title="bbox 124 1334 722 1394; baseline 0.008 -19"><span class='ocrx_word' id='word_1_104' title='bbox 124 1336 192 1390; x_wconf 86' lang='lat' dir='ltr'>Seque</span> <span class='ocrx_word' id='word_1_105' title='bbox 201 1334 295 1390; x_wconf 82' lang='lat' dir='ltr'>aliquem</span> <span class='ocrx_word' id='word_1_106' title='bbox 304 1335 403 1385; x_wconf 85' lang='lat' dir='ltr'>credens,</span> <span class='ocrx_word' id='word_1_107' title='bbox 412 1335 465 1378; x_wconf 91' lang='lat' dir='ltr'>ltalo</span> <span class='ocrx_word' id='word_1_108' title='bbox 474 1337 532 1391; x_wconf 88' lang='lat' dir='ltr'>quod</span> <span class='ocrx_word' id='word_1_109' title='bbox 542 1338 624 1380; x_wconf 85' lang='lat' dir='ltr'>honore</span> <span class='ocrx_word' id='word_1_110' title='bbox 633 1338 722 1394; x_wconf 86' lang='lat' dir='ltr'>supinus</span> 
     </span>
     <span class='ocr_line' id='line_1_17' title="bbox 125 1407 573 1466; baseline 0.009 -18"><span class='ocrx_word' id='word_1_111' title='bbox 125 1408 218 1464; x_wconf 68' lang='lat' dir='ltr'>fregerit</span> <span class='ocrx_word' id='word_1_112' title='bbox 227 1407 325 1450; x_wconf 79' lang='lat' dir='ltr'>heminas</span> <span class='ocrx_word' id='word_1_113' title='bbox 334 1409 391 1451; x_wconf 78' lang='lat' dir='ltr'>dreti</span> <span class='ocrx_word' id='word_1_114' title='bbox 401 1409 466 1451; x_wconf 76' lang='lat' dir='ltr'>aedilis</span> <span class='ocrx_word' id='word_1_115' title='bbox 476 1411 573 1466; x_wconf 87' lang='lat' dir='ltr'>iniquas:</span> 
     </span>
    </p>

    <p class='ocr_par' dir='ltr' id='par_1_9' title="bbox 123 1483 738 1616">
     <span class='ocr_line' id='line_1_18' title="bbox 125 1483 738 1543; baseline 0.013 -20"><span class='ocrx_word' id='word_1_116' title='bbox 125 1483 169 1525; x_wconf 86' lang='lat' dir='ltr'>Nee</span> <span class='ocrx_word' id='word_1_117' title='bbox 178 1483 215 1538; x_wconf 80' lang='lat' dir='ltr'>qni</span> <span class='ocrx_word' id='word_1_118' title='bbox 225 1484 293 1526; x_wconf 84' lang='lat' dir='ltr'>abaco</span> <span class='ocrx_word' id='word_1_119' title='bbox 301 1497 415 1534; x_wconf 76' lang='lat' dir='ltr'>numeros.</span> <span class='ocrx_word' id='word_1_120' title='bbox 424 1495 445 1528; x_wconf 88' lang='lat' dir='ltr'>et</span> <span class='ocrx_word' id='word_1_121' title='bbox 454 1495 511 1528; x_wconf 86' lang='lat' dir='ltr'>secto</span> <span class='ocrx_word' id='word_1_122' title='bbox 521 1486 543 1528; x_wconf 86' lang='lat' dir='ltr'>in</span> <span class='ocrx_word' id='word_1_123' title='bbox 552 1486 639 1543; x_wconf 80' lang='lat' dir='ltr'>pulvere</span> <span class='ocrx_word' id='word_1_124' title='bbox 648 1497 716 1531; x_wconf 84' lang='lat' dir='ltr'>metas</span> <span class='ocrx_word' id='word_1_125' title='bbox 734 1517 738 1524; x_wconf 83' lang='lat'><em>-</em></span> 
     </span>
     <span class='ocr_line' id='line_1_19' title="bbox 123 1557 633 1616; baseline 0.008 -17"><span class='ocrx_word' id='word_1_126' title='bbox 123 1557 167 1600; x_wconf 81' lang='lat' dir='ltr'>Scit</span> <span class='ocrx_word' id='word_1_127' title='bbox 176 1557 244 1600; x_wconf 84' lang='lat' dir='ltr'>risisse</span> <span class='ocrx_word' id='word_1_128' title='bbox 252 1558 318 1609; x_wconf 79' lang='lat' dir='ltr'>valer,</span> <span class='ocrx_word' id='word_1_129' title='bbox 328 1559 424 1602; x_wconf 84' lang='lat' dir='ltr'>multum</span> <span class='ocrx_word' id='word_1_130' title='bbox 434 1562 525 1616; x_wconf 75' lang='lat' dir='ltr'>gaudere</span> <span class='ocrx_word' id='word_1_131' title='bbox 534 1570 633 1616; x_wconf 86' lang='lat' dir='ltr'>paratus,</span> 
     </span>
    </p>

    <p class='ocr_par' dir='ltr' id='par_1_10' title="bbox 125 1629 626 1688">
     <span class='ocr_line' id='line_1_20' title="bbox 125 1629 626 1688; baseline 0.006 -17"><span class='ocrx_word' id='word_1_132' title='bbox 125 1629 146 1671; x_wconf 85' lang='lat' dir='ltr'>Si</span> <span class='ocrx_word' id='word_1_133' title='bbox 155 1629 235 1687; x_wconf 76' lang='lat' dir='ltr'>cynico</span> <span class='ocrx_word' id='word_1_134' title='bbox 243 1631 335 1674; x_wconf 84' lang='lat' dir='ltr'>barbam</span> <span class='ocrx_word' id='word_1_135' title='bbox 344 1631 443 1688; x_wconf 86' lang='lat' dir='ltr'>petulans</span> <span class='ocrx_word' id='word_1_136' title='bbox 452 1633 547 1675; x_wconf 86' lang='lat' dir='ltr'>Nonaria</span> <span class='ocrx_word' id='word_1_137' title='bbox 556 1633 626 1676; x_wconf 87' lang='lat' dir='ltr'>vellat.</span> 
     </span>
    </p>

    <p class='ocr_par' dir='ltr' id='par_1_11' title="bbox 122 1705 659 1765">
     <span class='ocr_line' id='line_1_21' title="bbox 122 1705 659 1765; baseline 0.007 -20"><span class='ocrx_word' id='word_1_138' title='bbox 122 1705 158 1746; x_wconf 85' lang='lat' dir='ltr'>llis</span> <span class='ocrx_word' id='word_1_139' title='bbox 168 1720 231 1750; x_wconf 90' lang='lat' dir='ltr'>mane</span> <span class='ocrx_word' id='word_1_140' title='bbox 239 1707 347 1759; x_wconf 83' lang='lat' dir='ltr'>edictum,</span> <span class='ocrx_word' id='word_1_141' title='bbox 356 1717 405 1764; x_wconf 85' lang='lat' dir='ltr'>post</span> <span class='ocrx_word' id='word_1_142' title='bbox 413 1709 502 1765; x_wconf 84' lang='lat' dir='ltr'>prandia</span> <span class='ocrx_word' id='word_1_143' title='bbox 511 1708 615 1752; x_wconf 66' lang='lat' dir='ltr'>Calliroen</span> <span class='ocrx_word' id='word_1_144' title='bbox 625 1710 659 1749; x_wconf 87' lang='lat' dir='ltr'>do.</span> 
     </span>
    </p>
   </div>
   <div class='ocr_carea' id='block_1_3' title="bbox 1118 0 1163 2642">
    <p class='ocr_par' dir='ltr' id='par_1_12' title="bbox 1118 0 1163 2642">
     <span class='ocr_line' id='line_1_22' title="bbox 1118 0 1163 2642; baseline 0 0"><span class='ocrx_word' id='word_1_145' title='bbox 1118 0 1163 2642; x_wconf 95' lang='lat' dir='ltr'> </span> 
     </span>
    </p>
   </div>
   <div class='ocr_carea' id='block_1_4' title="bbox 1033 0 1079 2642">
    <p class='ocr_par' dir='ltr' id='par_1_13' title="bbox 1033 0 1079 2642">
     <span class='ocr_line' id='line_1_23' title="bbox 1033 0 1079 2642; baseline 0 0"><span class='ocrx_word' id='word_1_146' title='bbox 1033 0 1079 2642; x_wconf 95' lang='lat' dir='ltr'> </span> 
     </span>
    </p>
   </div>
  </div>
 </body>
</html>
