1584 2642
134 241 173 294 148
311 239 335 280 1).
353 239 370 280 1.
388 237 581 280 Juvuuttrs
682 255 704 284 v.
720 245 764 285 150.

130 329 203 371 unere
211 328 245 372 rix
253 328 320 385 possis
329 341 396 384 quam
407 327 471 370 multi
481 327 530 370 talia
540 327 636 383 plorent,

129 405 155 445 Et
164 412 218 458 quot
227 402 310 445 venales
319 401 398 457 injuria
408 401 482 444 fecerit
491 415 558 457 agros.

130 477 170 518 Sed
180 476 217 531 qui
226 481 347 518 sermones?
355 489 422 530 quam
432 474 492 518 frede
502 475 593 518 buccina
603 474 684 520 rama!
757 477 762 487 ’

127 549 184 606 Quid
193 558 256 590 nocet
265 549 322 591 buc?
332 549 409 603 inquit.
419 548 523 590 Tunicam
533 547 587 590 mibi
596 548 656 591 malo
665 549 749 607 lupini.

124 624 195 680 Quam
206 622 223 664 si
235 636 270 665 me
280 632 326 665 toto
335 623 408 665 iaudet
417 623 494 664 vicinia
503 636 558 678 pago

123 695 197 750 Exigui
207 696 262 738 run's
269 695 397 752 paucissima
407 694 464 736 farra
474 703 588 737 secantem.

121 770 205 812 Scilicet
214 781 236 813 et
245 771 326 814 morbis
335 781 356 814 et
365 769 473 812 debilitate
482 770 575 819 carebis,

120 844 147 885 Et
156 843 239 888 luctum
249 856 270 888 et
279 859 353 887 curam
363 844 465 900 effugies,
474 853 495 886 et
504 853 602 898 tempora
611 842 658 886 ritu

123 917 194 972 Longa
204 918 241 959 tibi
252 928 300 974 post
308 919 352 960 brac
362 917 407 959 fato
417 915 505 957 meliore
514 916 631 967 dabuntur,

120 989 143 1030 Si
154 998 238 1030 tantum
249 990 301 1032 culti
312 991 370 1033 solus
379 989 496 1045 possederis
505 988 561 1043 agri,

121 1062 232 1118 Quantum
241 1065 282 1105 sub
291 1065 352 1107 Tatio
361 1064 455 1120 populus
464 1077 568 1105 romanus
578 1063 659 1105 arabat

118 1135 168 1175 Mox
177 1135 241 1176 etiam
251 1134 324 1178 fractis
332 1147 405 1188 etate,
415 1151 440 1179 ae
450 1137 529 1191 punica
538 1136 604 1191 passis

116 1205 202 1254 Pruna,
212 1207 245 1248 vel
255 1208 359 1263 Pyrrhum
370 1208 501 1256 immanem,
512 1208 634 1264 gladiosque
644 1207 758 1264 Molossos,

114 1280 211 1321 Tandem
221 1293 260 1334 pro
270 1279 346 1322 multis
353 1280 386 1323 vir
392 1281 469 1337 jugera
479 1281 530 1322 bina
539 1281 649 1322 dabantur

115 1350 253 1392 Vulneribus.
262 1353 341 1394 Merces
350 1352 395 1394 buc
407 1353 517 1408 sanguinis
526 1362 589 1408 atque
599 1352 679 1396 laboris

114 1424 185 1466 Nullis
194 1425 238 1467 visa
247 1440 345 1481 unquam
355 1427 436 1470 meritis
447 1428 525 1477 minor,
535 1437 573 1471 aut
582 1428 670 1482 ingrata

111 1497 179 1539 Curta
186 1496 239 1539 fides
248 1498 328 1554 patriae.
338 1501 452 1542 Saturabat
461 1499 546 1555 glebula
554 1499 602 1542 talis

110 1570 195 1612 Patrem
203 1571 286 1626 ipsum,
297 1573 427 1629 nubamque
437 1588 500 1623 casu,
510 1587 553 1628 qua
563 1573 606 1615 ieta
611 1572 699 1630 jacebat

110 1645 174 1694 Uxor,
184 1655 205 1687 et
213 1645 307 1690 infantes
316 1646 420 1689 ludebant
429 1655 539 1702 quattuor,
550 1660 606 1688 unus

110 1717 215 1769 vernula,
226 1729 267 1762 tres
276 1721 369 1771 domini;
380 1721 416 1762 sed
427 1719 510 1774 magnis
520 1719 623 1760 iratribus
632 1718 712 1762 horum

108 1789 126 1832 Δ
135 1791 210 1832 scrobe
218 1793 251 1834 vel
261 1792 320 1835 sulco
330 1793 481 1842 redeuntibus,
491 1791 557 1834 altera
566 1804 627 1832 scena

98 1864 209 1920 Amplior,
219 1875 240 1908 et
249 1868 339 1922 grandes
348 1867 463 1909 fumabant
472 1865 568 1921 pultibus
578 1865 631 1907 olla.

107 1938 171 1981 Nunc
181 1941 258 1982 modus
268 1940 303 1983 bic
312 1942 356 1996 agri
366 1951 440 1983 nostro
450 1954 493 1982 nou
505 1938 586 1982 sufficit
595 1939 664 1981 horto.

104 2012 157 2054 Inde
165 2013 209 2056 fere
218 2016 322 2058 scelerum
331 2030 412 2065 causae,
422 2029 460 2057 nec
470 2015 532 2069 plura
541 2028 622 2056 venena

104 2085 200 2139 Miscuit,
209 2100 248 2132 aut
257 2090 314 2132 ferro
323 2100 431 2146 grassatur
439 2090 515 2146 saepius
525 2089 595 2132 ullum

104 2157 207 2202 numm
216 2162 295 2204 mentis
303 2161 391 2213 vitium,
402 2175 469 2216 quam
478 2176 533 2206 seva
541 2161 620 2216 cupide
