1584 2642
61 1820 67 1831 .
124 1793 186 1834 Vana
194 1790 319 1846 supervacui
327 1789 400 1832 dicens
410 1787 551 1843 chirographa
560 1787 611 1842 ligni
622 1802 627 1827 ε

118 243 162 301 164'
295 243 564 286 u.1.tuvurtlu1s
680 255 699 284 ν.
712 255 742 286 ar.

117 339 226 380 consensu
236 349 313 391 magno
322 333 433 383 efficiunt,
443 333 542 376 curabilis
552 343 577 375 ut
586 333 615 375 sit

117 411 227 457 Vindicta,
237 420 258 453 et
267 410 350 466 gravior
358 423 426 465 quam
436 409 514 463 injuria
525 424 529 448 :
540 409 631 462 dignum
640 407 682 450 erit
691 419 740 462 ergo
782 457 783 462 Ἰ

116 483 267 527 Declamatoris
276 483 360 525 mulino
368 483 432 524 corde
441 481 532 536 Vagelli,

116 557 189 610 Quum
199 557 243 597 duo
252 569 315 596 cmm
323 555 414 604 habeas,
425 553 539 594 ohiendere
552 561 584 594 tot
595 552 685 608 caligas,
697 562 728 595 tot

116 626 182 670 llfillia
191 627 308 669 clavorum.
318 625 370 681 Quis
379 635 424 668 tam
434 624 509 680 procul
517 625 573 666 abrit
582 624 610 665 ab
621 626 688 667 urbe!

116 703 217 743 Praeterea
226 700 274 757 quis
284 709 329 742 tarn
339 698 436 756 Pylades,
447 698 527 740 molem
537 697 619 752 aggeris
628 697 688 740 ultra

117 777 145 818 Ut
154 775 235 818 veniat?
242 775 341 830 lacrymae
351 773 458 816 siccentur
466 772 576 828 protinus,
586 781 607 814 et
616 785 638 812 se

117 849 259 890 Excusatums
268 860 312 888 non
321 845 460 888 sollicitemus
470 844 558 884 amieos.

118 922 149 962 na
159 931 233 963 testem
242 953 247 968 ,
254 920 321 976 judex
329 933 399 974 quum
409 917 498 960 dixerit:
509 917 588 958 audeat
597 915 644 967 ille,

119 993 196 1035 Nescio
205 992 264 1046 quis,
274 1005 357 1048 pugnos
365 990 403 1046 qui
413 989 478 1040 vidit,
486 989 566 1038 dicere,
577 989 635 1030 vidir

119 1067 145 1108 Et
154 1066 240 1109 credam
250 1066 340 1120 dignum
352 1065 431 1111 barba,
441 1063 574 1117 dignumque
584 1061 666 1118 capillis

121 1136 229 1191 Majorum
240 1150 244 1175 ε
256 1135 319 1176 citius
328 1134 408 1176 ialeum
418 1135 534 1190 producere
545 1144 621 1176 testem

120 1209 199 1250 Contra
208 1219 317 1262 paganum
326 1207 405 1261 possis,
413 1219 480 1260 qnam
490 1219 539 1246 vera
548 1205 682 1260 loquentem,

121 1281 199 1322 Contra
209 1277 320 1321 fortunam
329 1277 418 1325 armati,
429 1287 545 1332 contraque
553 1278 666 1332 pudorem.

150 1349 239 1391 Praemia
248 1362 306 1389 nunc
316 1347 368 1397 alia,
380 1357 445 1402 atque
454 1348 496 1392 alia
505 1349 653 1391 emolumenta
662 1359 756 1392 notemus

122 1423 323 1464 sacramentorum:
333 1419 452 1460 convallem
462 1420 518 1462 ruris
527 1421 577 1462 aviti

122 1493 248 1548 mprobus,
257 1501 296 1534 aut
306 1505 408 1546 campum
419 1491 472 1532 mihi
483 1491 500 1533 si
512 1493 594 1534 vicinus
603 1493 692 1543 ademit,

121 1570 148 1612 Et
156 1581 242 1610 sacrum
251 1565 328 1608 effodit
337 1566 408 1609 medio
418 1567 444 1608 de
454 1565 522 1608 limite
533 1581 622 1617 saxum,

122 1642 186 1700 Quod
195 1655 244 1682 mea
252 1653 303 1682 cum
314 1638 386 1682 vetulo
395 1638 461 1680 coluit
471 1637 519 1694 puls
528 1652 601 1682 annua
611 1637 667 1689 libo,

123 1716 210 1759 Debitor
218 1726 257 1758 aut
265 1725 348 1758 sumtos
358 1713 427 1770 pergit
436 1725 480 1754 non
490 1713 576 1758 reddere
586 1725 699 1763 nummos,

772 670 780 695 l

774 953 783 980 4

82 1916 87 1920 q
125 1867 282 1921 Exspectandus
291 1864 343 1915 erit,
352 1864 389 1919 qui
400 1863 446 1905 lites
456 1861 553 1913 inchoet,
564 1875 633 1904 annus

125 1937 201 1980 Totius
210 1937 285 1994 populi
295 1937 347 1990 :red
357 1946 408 1978 tunc
418 1948 504 1990 quoque
514 1933 572 1975 mille
582 1932 670 1976 terenda

124 2009 206 2058 Taedia,
215 2008 274 2051 mille
283 2021 361 2058 moran
370 2007 432 2049 toties
442 2005 542 2052 subsellia
552 2014 638 2048 tantum

125 2082 254 2122 sternuntur
261 2096 267 2130 ς
274 2080 321 2135 jam
331 2078 426 2120 facundo
436 2088 528 2133 ponente
538 2077 633 2120 lacernas
780 2097 783 2122 t

125 2149 225 2200 Caedicio,
235 2160 257 2192 et
265 2153 332 2192 Fusco
338 2149 385 2204 jam
398 2149 546 2200 micturiente,
556 2149 626 2206 parati
782 2159 783 2192 l

125 2221 265 2278 Digredimur,
275 2221 375 2278 lentaque
384 2219 427 2264 rori
439 2235 563 2278 pugnamus
572 2236 643 2270 arena.
782 2249 783 2278 ,
