1584 2642
34 229 50 257 ν.
64 231 111 257 202.
256 215 374 255 sitini
394 214 435 253 vi.
635 214 661 262 ⁵7

32 306 109 353 Causa3
121 315 160 343 nec
170 310 212 351 eet,
221 313 287 355 quare
297 314 392 352 coennm,
401 310 423 341 et
432 308 542 341 mustacea
549 298 626 354 perdas

32 376 124 417 Lubente
134 372 218 423 officio,
227 370 298 413 crudis
307 372 418 422 donandn;
427 386 466 415 nec
475 371 540 421 illud,

33 447 95 503 Quod
104 446 175 502 primu
183 459 223 501 pro
232 454 294 486 nocte
303 444 373 495 datur,
383 458 453 499 quum
462 444 522 486 lance
532 445 594 486 beatu

33 518 121 560 Dacicus
130 528 152 559 et
160 517 239 571 scripto
249 516 318 558 radiat
327 516 465 559 Germanicus
474 530 534 558 auro.

34 593 53 635 si
64 591 102 634 tibi
111 589 237 645 simplicitas
247 590 331 641 uxoria,
341 589 425 631 deditus
435 589 472 632 uni

34 670 69 709 Est
77 666 175 715 animus,
184 665 296 707 summitte
305 674 381 719 caput,
390 664 471 705 cervice
479 674 553 718 parata

34 742 95 781 Ferre
102 740 194 795 jugum3
204 738 287 781 nullam
297 738 448 792 inveniesque
456 746 531 792 parcat
539 736 629 779 ementi.

34 813 111 853 Ardent
120 812 166 865 ipsa
175 809 234 861 licet,
245 810 357 852 tormentis
366 811 445 865 gaudet
454 808 557 859 amantis,

35 887 59 931 Et
66 884 146 940 spoliis.
155 883 223 938 Igitur
231 882 293 938 longe
303 884 375 925 minus
385 882 443 924 utilis
451 882 481 923 illi

35 960 98 1007 Uxor,
107 956 203 1011 quisquis
212 956 252 997 erit
260 957 330 1007 bonus
339 957 488 1011 optandusque
497 953 594 997 maritus.

36 1030 69 1071 Nil
80 1043 179 1084 unquam
189 1029 256 1073 invita
265 1030 355 1072 donabis
364 1030 468 1084 conjuge:
478 1029 555 1071 vendes

37 1108 77 1147 llac
88 1105 187 1147 obstante
196 1103 262 1145 nihil:
273 1104 337 1155 nihil,
347 1104 392 1145 hec
402 1104 420 1145 si
429 1103 498 1154 nolet,
508 1112 598 1146 emetur.

38 1179 82 1219 llaec
94 1175 154 1217 dabit
162 1174 260 1217 adfectus
268 1190 273 1215 ι
282 1174 317 1216 ille
327 1175 452 1218 excludetur
460 1176 543 1217 amicus

36 1250 83 1288 lam
94 1247 172 1297 senior,
183 1246 246 1301 cujus
257 1246 348 1289 barbam
358 1256 395 1289 tun
402 1245 472 1303 janna
480 1247 539 1290 vidit.

37 1321 130 1365 Testanti
138 1334 209 1375 quum
218 1320 245 1361 sit
254 1320 367 1362 lenonibus
377 1330 441 1375 atque
450 1321 532 1363 lanistis

37 1394 143 1442 Libertas,
154 1401 175 1435 et
180 1391 237 1447 juris
247 1392 304 1433 idem
314 1392 425 1447 contingat
433 1407 513 1452 arene,

38 1468 86 1507 Non
97 1478 155 1506 unus
165 1464 204 1505 tibi
214 1462 284 1505 rivalis
293 1464 410 1506 dictabitur
418 1464 486 1507 heres.

38 1543 93 1581 lone
103 1552 190 1581 crucem
199 1552 266 1580 servo.
276 1538 353 1581 Metuit
361 1553 406 1594 quo
414 1539 504 1581 erimine
512 1554 585 1583 servus

39 1610 186 1667 Supplicium?
195 1610 243 1665 quis
253 1610 311 1653 testis
320 1611 391 1653 adest?
399 1612 448 1667 quis
457 1612 546 1655 detulit?
554 1612 620 1661 ludi,

39 1684 106 1726 Nulla
116 1696 213 1738 unquam
224 1684 249 1724 dc
259 1694 328 1727 morte
338 1684 433 1727 hominis
442 1685 550 1727 cunctatio
559 1683 623 1739 longa
631 1694 670 1726 est

39 1760 55 1798 0
65 1757 167 1799 demens!
175 1755 206 1797 ita
215 1769 287 1797 servus
296 1756 362 1799 homo
372 1764 416 1799 est!
425 1757 456 1799 nil
465 1756 550 1807 fecerit,
559 1767 617 1799 ecto:

40 1833 82 1872 lloc
93 1830 155 1880 volo,
164 1829 194 1871 sic
200 1829 279 1885 jubeo;
288 1830 316 1873 sit
324 1845 363 1886 pro
374 1831 456 1873 radone
465 1830 570 1874 volimus.

67 1906 164 1958 Imperat
174 1916 223 1957 ergo
233 1902 289 1944 viro:
300 1904 337 1945 sed
345 1918 396 1947 mox
405 1903 450 1945 hnc
459 1916 524 1957 regna
531 1902 644 1958 relinquit,

40 1980 194 2031 Permutatque
203 1978 290 2028 domos,
299 1974 323 2019 et¹
330 1978 432 2021 llammea
440 1976 531 2019 conterit
540 1993 545 2018 ι
555 1977 605 2019 inde

42 2050 143 2101 Advolat,
153 2060 175 2092 et
183 2053 247 2107 spreti
257 2052 332 2108 repetit
341 2052 427 2107 vestigia
437 2051 492 2093 lecti.

43 2125 134 2165 ornatas
144 2122 209 2178 paulo
218 2135 268 2166 cute
277 2123 344 2174 fores,
354 2124 469 2180 pendentia
477 2122 556 2176 linquit

43 2197 96 2239 Vela
105 2198 196 2249 domus,
205 2207 227 2240 et
235 2198 305 2241 adhuc
314 2198 391 2239 virides
400 2198 424 2239 in
432 2197 506 2240 limine
516 2210 596 2242 ramos.
