1584 2642
94 173 135 206 ιη,
263 145 537 197 “υ.].]υνεκΛιιε
654 164 727 203 v.72.

92 251 155 291 Parte
163 260 225 297 enm,
234 243 306 301 quates
316 242 402 284 fuerent
410 239 432 282 in
442 239 531 290 vitibus,
541 251 599 289 urae;

92 320 206 377 Signinum
214 318 338 375 syriamque
347 315 431 370 pirum,
441 315 467 355 de
476 313 576 354 corbibus
586 312 657 354 isdem

93 391 177 437 unuln
185 389 264 446 picenis
273 398 293 431 et
302 387 374 429 odorio
382 385 439 427 mala
448 385 548 435 recentis,

95 466 139 506 Noc
148 463 264 505 metuendo
273 460 323 510 tibi,
332 459 436 501 siccatum
445 457 522 513 frigore
532 465 648 512 postquam

96 538 232 578 Autumnum
241 542 263 575 et
271 533 331 574 erudi
340 544 430 588 posuere
439 529 532 586 pericula
541 528 606 571 succi.

97 610 144 650 ilaec
152 606 204 648 olim
213 605 280 648 nostri
286 605 334 660 jam
344 603 452 646 luxuriose
460 611 547 644 senatus

97 681 162 722 cena
170 679 219 722 fuit.
227 679 314 729 Curius,
322 690 387 733 porro
396 689 443 730 quae
451 674 529 730 legeret
537 675 611 724 horto,

97 755 145 809 Ipse
154 751 207 794 iocis
216 752 315 794 brevibus
323 750 416 806 ponebat
425 747 531 796 oluscula,
541 760 588 801 quae
597 759 657 788 nuno

101 824 215 880 Squalidus
223 824 245 866 in
255 837 334 879 magua
342 820 424 864 fastidit
431 820 533 874 compede
542 817 616 869 fossor,

103 897 144 954 Qui
154 898 254 939 meminit
263 888 334 939 odlidoe
343 895 411 950 sopiat
421 893 473 948 quid
482 891 545 934 vulva
552 892 642 948 popinae.

104 968 158 1010 Sicci
167 977 225 1023 tergo
234 970 290 1021 suis,
298 983 347 1010 rara
356 966 469 1023 pendentia
478 975 545 1016 erote,

105 1041 170 1084 Morio
179 1051 224 1083 erat
232 1043 342 1096 quondam
352 1040 410 1083 festis
420 1053 502 1082 servare
512 1039 600 1092 diebus,

104 1113 130 1154 Et
139 1111 261 1153 natalitium
270 1112 364 1166 cognatis
373 1125 451 1166 ponere
461 1111 557 1163 lardum,

105 1183 236 1226 decendente
245 1196 311 1233 nora,
319 1183 338 1223 si
346 1196 412 1236 quom
421 1183 486 1226 debat
495 1183 575 1233 hostia,
584 1197 654 1226 carno

106 1259 251 1312 cognotorum
260 1254 336 1309 aliquis
346 1254 409 1297 titulo
420 1265 450 1298 ter
458 1256 561 1307 consulis,
571 1266 636 1312 atque

108 1331 231 1372 Castrorum
241 1326 335 1382 imperiis
344 1336 366 1370 et
374 1328 483 1371 dictatoris
492 1330 573 1371 honore

108 1404 213 1449 Functus,
222 1399 249 1440 ad
258 1399 296 1441 hos
305 1399 378 1454 epodas
387 1399 450 1442 solito
459 1401 565 1442 maturius
574 1401 631 1454 ibat,

110 1477 209 1518 Erectum
219 1473 301 1515 domito
310 1473 424 1517 referenoe
434 1485 507 1517 monte
516 1475 617 1530 ligonem.

111 1620 178 1674 Qourr
188 1626 304 1662 tremerent
312 1626 385 1660 autem
394 1619 480 1669 Fabios,
490 1619 614 1674 durumque
622 1620 744 1672 Catonem,

112 1693 138 1733 Et
147 1691 247 1741 Scauros,
256 1701 277 1732 et
285 1691 404 1741 Fabricios;
412 1690 515 1746 rigidique
524 1705 607 1734 severos

112 1761 209 1805 censoris
218 1773 288 1806 mores
296 1761 362 1803 etiam
370 1761 450 1818 collega
459 1761 553 1813 timeret;

114 1835 184 1875 Nemo
193 1831 248 1874 inter
257 1846 318 1876 curas
327 1842 348 1877 et
357 1833 411 1875 serio
419 1833 480 1875 duxit
489 1832 625 1886 habendum,

114 1906 187 1964 Qualis
196 1906 218 1947 in
227 1909 310 1948 Oceano
320 1906 389 1950 fluctu
398 1908 481 1950 testudo
490 1917 584 1959 nauret,

114 1978 201 2021 Clarum
210 1977 327 2033 trojugeuis
336 1978 420 2024 factura
429 1992 454 2019 ac
463 1978 534 2022 nobile
544 1978 651 2031 fulcrum

114 2051 155 2091 Sed
164 2052 224 2093 nudo
232 2051 307 2102 latere,
317 2061 338 2092 et
346 2052 416 2105 parvis
426 2050 485 2094 frons
493 2065 546 2094 aeree
555 2053 616 2095 tecue

117 2123 165 2167 Vite
175 2124 270 2166 coronati
279 2133 344 2180 eaput
352 2124 477 2166 ostendebat
485 2125 556 2176 esent.
