1584 2642
37 238 105 277 r.72.
259 222 381 265 struit
399 222 452 264 XV.
632 224 670 276 ¹⁵9

38 314 54 353 t
64 323 210 353 nrmrrouto
219 320 328 366 repetatur
338 309 418 352 fabula.
427 312 542 363 Postquam

11 426 12 429 ,
39 383 145 425 subsidiis
153 383 222 429 aucti,
232 396 281 438 pars
290 382 356 424 altera
365 395 464 437 promere
474 380 557 422 ferrum

39 459 120 507 Audet,
130 466 152 499 et
160 456 243 500 infestis
251 470 347 513 pugnarn
357 457 476 498 instaurare
485 455 575 510 sagitti85

39 532 107 585 Terga
116 529 173 585 fuge
183 528 245 571 ceteri
253 529 414 585 prnstuntibus,
423 542 498 570 omnes
507 528 587 570 instant

40 605 82 660 Qui
91 603 162 646 vicina
171 603 245 645 colunt
255 604 361 644 umbroso
369 604 461 658 Tentyra
471 601 553 656 palmae.

41 676 130 717 Labitur
139 675 190 716 hino
198 674 298 729 quidam,
308 673 376 716 nimia
384 673 500 715 formidine
509 669 603 714 cursum'

42 746 189 802 Promptum,
198 746 334 802 capiturque3
343 754 376 787 ost
384 745 447 786 illum
457 745 479 786 in
490 744 584 799 plurima
593 753 676 786 sectum

44 823 118 862 Frustn
127 829 150 861 et
158 819 283 875 particulas,
294 829 318 861 ut
328 819 402 860 multis
412 827 511 859 mortuus
521 830 577 858 nnus

44 891 168 942 Suffenas,
178 901 249 932 totum
258 891 349 932 corrosis
359 890 442 932 ossibus
451 888 494 930 edit

45 963 125 1005 Victrix
136 964 210 1014 tnrba;
220 976 259 1004 noo
268 948 351 1004 ardenti
360 961 443 1003 decoxit
452 961 532 1010 abeno,

45 1037 85 1078 Aut
94 1036 201 1078 verubus:
211 1035 300 1091 longum
309 1048 377 1090 usquo
386 1033 440 1076 adeo
450 1034 578 1087 tardumque
588 1033 671 1089 putarit

45 1110 169 1164 Exspectare
179 1107 248 1159 focos,
258 1117 358 1150 contenta
367 1107 468 1150 cadavere
477 1108 551 1150 crudo.

11 1232 12 1237 Ἰ
45 1183 97 1225 Hinc
106 1184 199 1238 gaudere
208 1183 271 1234 libet,
280 1183 338 1237 quod
348 1197 393 1224 non
403 1181 512 1225 violaverit
521 1181 603 1238 ignom,

46 1257 114 1313 Quem
123 1269 211 1297 summa
220 1255 266 1297 coeli
275 1265 362 1311 raptum
371 1256 398 1296 de
407 1265 467 1311 parte
476 1255 613 1297 Prometheus

45 1330 135 1372 Donavit
145 1329 212 1372 terris.
221 1329 331 1372 Elemento
340 1329 442 1385 gratulor,
452 1340 474 1372 ot
483 1340 503 1371 te

45 1403 155 1446 Exsultare
164 1417 222 1455 τεοῖς
233 1404 269 1445 sed
278 1403 315 1458 qni
325 1405 423 1444 mordere
432 1405 521 1445 cadaver

45 1478 162 1527 Sustinuit,
172 1477 202 1519 nil
212 1492 310 1533 unquam
319 1478 359 1519 hoo
368 1491 431 1520 carne
441 1478 542 1520 libentius
552 1477 602 1519 edit.

46 1552 104 1592 Nam
113 1550 192 1592 scelere
200 1551 222 1592 in
232 1560 292 1592 tanto
301 1565 329 1592 ne
337 1564 420 1605 quartas
430 1560 451 1592 et
459 1550 554 1600 dubites,
564 1564 591 1591 an

45 1623 117 1664 Prima
125 1622 259 1678 voluptatem
268 1621 318 1678 gula
326 1622 424 1672 senserit
435 1622 525 1664 ultimus
534 1631 607 1663 autem

47 1697 88 1755 Qui
98 1696 168 1746 stetit¹
178 1698 278 1738 absumto
289 1706 333 1738 tam
344 1706 388 1738 toto
399 1709 498 1750 corpore,
508 1695 577 1736 ductis

46 1771 84 1811 Per
94 1778 174 1811 tortam
184 1768 265 1824 digitis,
274 1768 355 1824 aliquid
363 1768 390 1809 de
398 1766 501 1821 sanguine
510 1774 588 1821 gustat.

47 1919 172 1967 Vtsoorrs,
182 1927 207 1959 ut
216 1916 275 1958 fama
283 1926 325 1967 est,
334 1915 441 1958 alimentis
451 1914 529 1958 talibus
538 1914 571 1956 usi

46 1992 168 2034 Produxere
177 1991 272 2033 animas:
282 1992 319 2034 sed
327 2005 360 2032 res
369 1990 462 2039 diversa,
471 1990 507 2031 sed
516 1987 558 2030 illio

48 2065 148 2104 Fortunae
157 2063 238 2104 invidia
247 2073 289 2113 est,
299 2063 448 2118 bellorumque
457 2061 545 2112 ultima,
555 2073 615 2102 casus

49 2137 153 2185 Extremi,
163 2137 231 2192 longae
240 2138 287 2179 dira
296 2137 412 2179 obsidionis
421 2146 507 2193 egestas.

51 2209 120 2266 Hujus
129 2209 200 2261 enim,
210 2210 268 2264 quod
277 2223 335 2252 nunc
344 2209 428 2266 agitur,
437 2207 555 2252 miserabile
565 2207 627 2248 debet
