1584 2642
268 282 391 325 sarrai
410 285 466 327 vrr.
654 292 680 339 7⁵

49 456 674 480 mmmmmwvmvmwwmww

247 588 396 639 SATIRA
415 591 483 641 vlt.

145 748 416 791 LITTERATORUM
433 751 585 792 EGESTAS.

48 898 77 937 Er
86 908 134 951 spes
143 905 165 937 et
174 895 228 937 ratio
238 896 360 937 studiorum
370 897 393 937 in
402 898 482 938 Caesare
491 905 577 938 tanturn
585 914 590 937 :

11 1014 12 1027 ἶ
49 968 109 1010 Solus
119 967 179 1009 enim
190 967 258 1010 tristes
268 968 307 1011 hae
318 977 444 1024 tempestate
452 970 556 1010 Camenas

11 1028 12 1031 Ἴ
48 1042 155 1098 Respexit,
165 1055 234 1097 quum
241 1041 289 1097 jam
299 1042 391 1085 celebres
402 1042 490 1098 notique
499 1053 566 1099 poetae

46 1113 170 1156 Balneoium
180 1114 262 1165 Gabiis,
271 1117 343 1157 Romae
352 1116 472 1157 conducere
481 1114 558 1157 furnos

49 1187 173 1236 Tentarent;
183 1199 222 1227 uec
232 1184 314 1228 foedum
324 1184 370 1236 alii,
381 1200 420 1228 nec
429 1196 492 1242 turpe
501 1197 602 1243 putarent

49 1263 155 1303 Precoues
165 1259 223 1311 fieri,
233 1274 313 1314 quum,
324 1260 411 1303 desertis
421 1262 539 1317 Aganippes

50 1334 156 1385 Vallibus,
165 1334 261 1376 esuriens
271 1334 372 1390 migraret
381 1335 404 1375 in
413 1336 468 1377 atria
475 1335 528 1378 ctio.

49 1410 103 1451 Nam
114 1409 131 1450 si
140 1408 208 1451 Pieria
216 1409 324 1463 quadrans
334 1408 373 1450 tibi
382 1408 455 1451 nullut
465 1411 487 1451 in
497 1411 576 1452 umbra

48 1484 184 1533 Ostendetur,
193 1496 252 1523 ames
261 1496 341 1523 nomen
351 1482 475 1538 victumque
485 1483 603 1533 Machm,

9 1592 10 1597 ,
48 1559 72 1599 Et
81 1558 160 1599 vendas
170 1557 253 1612 potius,
262 1557 377 1599 commissa
386 1559 445 1612 quod
454 1558 525 1601 auctio
534 1558 607 1600 rendit

9 1600 10 1675 i
49 1631 171 1680 stantibus,
181 1630 335 1685 oenophorum,
345 1631 450 1687 tripodes,
460 1632 564 1682 enuntia,
574 1632 646 1680 cistas,

49 1702 161 1745 Alcithoen
171 1702 241 1752 Pacci,
251 1702 333 1744 Thebas
342 1711 363 1744 et
372 1706 438 1745 Terea
447 1703 525 1745 Fausti.

50 1778 91 1818 Hoc
101 1776 180 1825 satius,
190 1788 256 1830 quam
266 1776 283 1816 ci
293 1762 349 1817 dicus
359 1777 400 1817 sub
407 1775 491 1829 judice,
502 1775 556 1825 vidi,

48 1849 110 1903 Quod
121 1860 166 1889 non
176 1847 252 1889 vidisti.
262 1848 349 1889 Faciunt
357 1847 438 1901 equites
447 1847 514 1887 asiani

49 1921 192 1975 Quanquam,
202 1928 224 1961 et
231 1920 365 1974 Cappadoces
375 1917 456 1959 faciant
463 1917 587 1973 equitesque
595 1917 689 1977 Bithyni,

49 1992 120 2035 Altera
129 2005 184 2047 quos
194 1993 253 2034 nudo
263 1994 355 2035 traducit
364 1990 431 2034 Gallia
440 1989 490 2032 talo.

50 2138 114 2179 Narro
126 2147 199 2180 temen
210 2138 285 2181 studiis
294 2138 408 2193 indiguum
417 2136 472 2179 ferre
481 2135 577 2177 laborem

48 2211 143 2266 Cogetur
151 2211 251 2266 posthac,
262 2210 328 2251 nectit
336 2209 469 2265 quicumque
477 2208 561 2250 canoris

48 2283 165 2339 Eloquium
174 2283 246 2326 vocale
256 2282 336 2333 modis⁷
346 2283 476 2337 laurumque
484 2280 608 2323 momordit.
