1584 2642
111 217 151 260 1³6
285 218 309 259 1).
327 218 345 259 J.
363 218 555 261 Juvauttrs
672 225 743 278 v.98.

107 307 229 363 brcbiyene.
238 307 294 364 Quid
304 307 362 349 enim
372 307 448 350 velocis
457 308 524 364 gloria
533 308 611 364 planta

106 383 203 433 Praestat,
213 391 234 423 et
242 380 336 422 esurum
345 381 413 426 rbaeae
423 396 497 426 ramus
505 382 577 426 olivet

107 456 134 496 Ut
143 452 170 496 sit
179 466 267 509 magna,
277 462 350 495 tamen
360 464 416 497 certe
425 453 482 498 lenta
492 454 523 498 ira
532 456 623 499 deorum
633 468 672 500 est.

107 527 128 568 Si
137 536 214 569 curant
223 526 288 581 igitur
296 537 385 570 cunctos
393 527 470 584 punire
480 540 591 581 nocentes,

108 599 198 653 Quando
206 598 234 640 ad
243 612 278 640 me
287 598 385 642 venient?
393 601 433 642 Sed
442 609 464 643 et
473 601 577 644 exorabile
587 615 671 646 numen

107 673 202 715 Fortasse
211 673 306 728 experiar
314 690 318 714 :
328 673 381 716 solet
389 675 423 716 his
432 675 547 730 ignoscere.
556 676 619 719 Multi

107 744 252 788 committunt
261 745 336 788 eadem
346 747 429 790 diverso
438 747 529 790 crimina
539 746 584 790 fato
593 765 597 789 :

106 815 144 858 llle
152 831 238 860 crucem
247 815 331 860 sceleris
339 819 433 874 pretium
443 819 503 871 tulit,
512 820 547 862 bic
557 820 664 864 diadema.

106 889 141 931 Sic
150 892 249 934 animum
257 892 309 936 dine
319 893 426 950 trepidum
436 891 551 934 tumidius
561 892 629 949 culpa

108 962 248 1006 Confirmant
258 966 318 1007 Tunc
328 975 348 1007 te
356 978 417 1007 sacra
426 964 452 1007 ad
462 963 552 1006 delubra
561 974 676 1008 vocantem

107 1035 219 1085 Procedit,
230 1038 313 1080 trahere
322 1039 391 1081 immo
401 1038 458 1080 ultro
468 1052 493 1080 ac
502 1052 576 1082 vexare
586 1050 682 1095 paratus.

107 1108 164 1148 Nam
174 1121 243 1161 quum
252 1121 330 1163 inagna
339 1109 401 1151 ramas
410 1119 506 1166 superest
515 1110 605 1154 audacia
615 1125 696 1164 causa,

107 1179 206 1222 Creditur
215 1193 228 1222 a
237 1179 311 1222 multis
321 1180 406 1223 fiducia.
417 1182 508 1225 Mimnm
519 1182 561 1239 agit
571 1182 617 1235 ille,

108 1252 188 1294 Urbani
197 1251 283 1308 qualem
292 1251 396 1308 fugitivus
405 1268 478 1298 scurra
487 1255 572 1300 Catulli.

108 1326 142 1366 Tu
151 1325 216 1366 miser
224 1323 341 1375 exclamas,
351 1334 375 1367 ut
384 1327 480 1368 Stentora
491 1327 573 1370 vincare
582 1330 662 1384 possis,

108 1397 147 1438 Vel
156 1398 227 1452 potius
236 1407 342 1452 quantum
352 1399 455 1442 Gradivus
464 1401 602 1445 Homericus:
612 1403 690 1454 ludis,

108 1469 197 1524 Jupiter,
205 1469 260 1517 baec,
271 1482 309 1510 nec
319 1467 379 1511 labra
387 1484 471 1524 mores,
481 1487 551 1528 quum
561 1474 645 1518 mittere
655 1490 735 1520 vocem

55 1565 58 1573 ι
109 1541 224 1592 Debueras,
235 1541 266 1582 vel
275 1555 422 1595 marmoreus,
431 1543 463 1586 rel
472 1545 579 1587 aheneus?
588 1556 626 1589 aut
636 1561 676 1590 cur

107 1618 132 1658 ln
141 1616 233 1658 carbone
243 1625 280 1658 tuo
290 1616 364 1658 charta
372 1617 408 1672 pia
418 1618 481 1660 thura
490 1618 561 1664 soluta

107 1688 220 1741 Ponimus,
229 1699 251 1732 et
259 1698 341 1732 sectam
351 1689 412 1732 rituli
418 1690 487 1746 jecur,
497 1692 588 1748 albaque
598 1694 657 1749 porci

109 1765 211 1806 Omental
221 1766 248 1807 Ut
257 1765 329 1816 rideo,
338 1764 424 1808 nullum
433 1766 547 1809 discrimen
556 1768 683 1812 habendum
694 1782 727 1814 est

108 1835 192 1893 Effigies
201 1837 256 1880 inter
265 1848 355 1892 vestras,
364 1848 500 1894 statuamque
509 1839 604 1897 Bathylli.

107 1987 185 2028 lectra
193 2000 240 2040 quae
249 1996 324 2029 contra
332 1986 400 2030 valeat
409 1985 483 2030 solatia
492 1986 558 2039 ferre,

107 2060 132 2099 Et
141 2059 178 2112 qui
188 2072 226 2100 nec
236 2058 331 2115 cynicos,
341 2072 380 2100 nec
388 2058 456 2101 stoica
465 2059 566 2115 dogmata
575 2060 625 2117 legit

107 2131 124 2170 Δ
134 2129 211 2184 cynicis
221 2131 293 2172 tunica
301 2129 410 2181 distantia,
420 2143 464 2172 non
473 2132 588 2188 Epicurum

108 2200 198 2255 Suspicit
206 2201 275 2256 exigui
284 2200 357 2242 lartum
365 2201 498 2255 plantaribus
508 2203 572 2248 horti.
