1584 2642
10 1240 12 1255 .
39 1215 76 1256 Sed
85 1230 131 1271 quo
140 1216 224 1259 divitias
232 1218 277 1260 hec
288 1233 326 1274 per
334 1229 442 1264 tormenta
451 1233 544 1276 coactas,

10 1580 12 1601 '
41 1583 66 1624 Et
74 1583 149 1626 minus
157 1584 214 1625 hanc
224 1595 284 1641 optat
293 1587 330 1641 qui
339 1598 383 1630 non
393 1590 465 1632 habet.
474 1593 528 1647 Ergo
536 1602 623 1647 paratur

9 2056 14 2095 l

33 259 52 287 v.
68 247 117 288 123.
247 249 366 292 terret
384 249 450 295 XlV.
624 257 662 310 ¹47

33 335 94 377 suren
103 334 203 389 qrraednm
212 335 314 379 vitiorum
323 338 439 391 elementem
450 339 482 383 his
490 342 587 398 protinus
597 342 644 386 illos

33 407 128 459 imbuit,
138 417 160 450 et
168 409 225 463 cogit
234 409 334 452 minimas
343 412 434 455 ediscere
443 415 526 457 sordes:

34 479 85 519 lllox
95 478 219 533 acquirendi
228 481 291 524 docet
298 482 418 526 insatiabile
427 495 509 528 votum.

33 551 151 592 Servorum
160 560 243 594 ventres
252 554 326 595 modio
335 555 423 611 castigat
432 557 517 613 iniquo,

33 624 690 690 lpsequoqueesuriens;nequeenimomniasustinetunqunm
776 659 779 666 ·

35 697 122 738 trucida
129 697 213 739 cerulei
223 699 284 754 panis
292 715 419 745 consumere
429 703 507 756 frusta,

35 770 164 812 Hesternum
173 771 249 814 solitus
257 775 329 816 medio
337 787 420 819 terrare
428 777 519 820 minutal

36 843 168 899 Septembri,
178 859 217 887 nec
226 861 270 889 non
279 848 366 892 differre
374 850 397 892 in
407 861 504 906 tempora
513 866 576 894 ccenae

36 919 127 961 Alterius
136 921 240 963 conchem
249 924 343 966 estivam
350 938 402 968 cum
411 936 470 980 perte
480 927 552 970 lacerti
589 939 592 946 ⁴

36 992 146 1047 Signatum
157 993 190 1034 vel
198 995 288 1038 dimidio
297 998 398 1054 putrique
407 998 484 1051 siluro,

36 1066 122 1122 Pilaque
132 1068 205 1111 sectivi
212 1082 325 1114 numerata
334 1072 443 1116 includere
451 1077 515 1130 porri.

37 1141 140 1182 luritatne
150 1142 177 1182 ad
187 1142 232 1184 hcc
240 1143 317 1199 uliquis
325 1146 352 1187 de
361 1156 437 1201 ponte,
447 1148 539 1204 negabit.

40 1289 111 1344 Quum
119 1289 183 1331 furor
189 1290 247 1333 haud
255 1292 341 1342 dubius.
348 1308 417 1349 quum
425 1297 453 1338 sit
460 1297 573 1340 manifesta
580 1298 694 1354 phrenesis,

40 1361 65 1403 Ut
73 1361 170 1417 locuples
179 1363 289 1415 moriaris,
299 1366 368 1420 egenti
377 1368 446 1410 vivere
455 1369 512 1412 tator

40 1437 121 1479 Interea
130 1437 195 1493 pleno
204 1453 273 1492 quum
283 1449 354 1496 turget
362 1443 459 1486 sacculus
468 1459 515 1497 ore,

40 1510 117 1553 Crescit
125 1525 189 1552 amor
198 1514 298 1563 nummi,
307 1525 414 1569 quantum
423 1519 469 1573 ipsa
478 1519 567 1574 pecunie
577 1521 661 1572 crescit;

42 1656 111 1700 Altera
120 1658 172 1700 villa
181 1659 231 1708 tibi,
241 1674 311 1714 quum
320 1675 357 1704 rus
366 1677 410 1705 non
419 1664 500 1707 suflicit
510 1679 590 1716 unum;

42 1730 66 1773 Et
75 1729 172 1785 proferre
182 1730 234 1774 libet
243 1731 306 1783 fines,
317 1734 430 1789 majorque
439 1734 522 1778 videtur

42 1803 66 1843 Et
75 1802 153 1844 melior
162 1803 232 1845 vicine
240 1818 304 1860 ceges.
314 1807 413 1848 Mercaris
423 1815 443 1848 et
452 1806 519 1858 hanc,
529 1816 550 1850 et

42 1876 145 1926 Arbustn,
154 1885 177 1918 et
185 1877 250 1920 densa
259 1888 357 1922 montem
366 1880 403 1935 qni
413 1890 474 1922 canet
483 1881 545 1924 oliva.

42 1949 142 2005 Quorum
152 1949 170 1991 si
180 1951 248 2005 pretio
257 1952 359 1994 dominus
370 1967 415 1995 uon
426 1953 519 1997 vincitur
527 1954 583 2005 ullo,

42 2021 109 2064 Nocte
118 2023 185 2064 boves
194 2023 271 2073 macri,
281 2023 378 2079 lassoque
388 2024 487 2068 famelica
497 2027 551 2068 collo

41 2097 155 2148 lumenta,
165 2098 193 2139 ad
202 2097 277 2141 virides
286 2098 352 2155 hujus
361 2101 475 2144 mittentur
484 2103 568 2154 aristam

40 2169 84 2210 Nec
92 2169 155 2224 prius
164 2169 215 2212 inde
223 2172 327 2224 domum,
335 2186 403 2228 quem
412 2181 457 2216 tota
465 2174 549 2217 novalia
557 2188 621 2218 sevos

42 2242 64 2283 ln
74 2253 161 2286 ventres
170 2244 259 2301 abeant,
268 2255 294 2289 ut
302 2248 375 2290 credas
384 2246 475 2292 falcibus
484 2259 564 2292 actum.

570 2337 602 2369 lo.
