1584 2642
56 270 76 299 v.
90 268 123 298 ar.
292 252 413 297 sattua
430 253 456 296 V.

56 348 111 389 Tota
119 344 230 388 salutatrix
237 344 284 401 jam
294 344 358 387 turba
366 343 470 401 peregerit
478 345 553 387 orbem

57 418 165 460 Sideribus
174 416 256 468 dubiis,
266 426 304 459 ant
312 416 349 458 illo
359 426 466 472 tempore,
475 430 519 473 quo
528 430 551 459 sc

57 490 140 546 Frigida
149 488 299 545 circumagunt
308 489 362 545 piqri
371 501 455 532 sarraca
464 490 540 532 Bootae

58 638 137 693 Quatrs
147 650 207 679 coena
216 636 298 678 umen!
309 635 390 678 Vinum
400 636 459 691 quod
467 636 554 679 succida
562 635 616 679 nolit

57 713 115 753 Lana
123 710 180 766 pati:
190 710 216 751 de
224 710 312 752 conviva
321 711 443 767 Corybanta
452 710 539 752 videbis.

56 783 130 839 lurgis
139 782 267 839 proludunt;
277 782 313 825 sed
323 796 373 824 mox
382 793 404 825 et
412 782 489 838 pocula
499 792 584 838 torques

57 856 157 906 Saucius,
167 865 188 898 et
197 856 262 898 rubra
271 856 366 911 deterges
375 856 464 897 vulnera
473 868 563 910 mappa,

57 930 115 971 Inter
124 942 161 971 vos
170 929 253 983 quoties
262 928 431 983 libertorumque
440 928 552 970 cohortem

57 1006 130 1059 Pugna
140 1004 256 1059 Saguntina
266 1002 332 1046 fervet
341 1002 457 1046 commissa
466 1001 546 1059 lagena.

57 1078 103 1132 lpse
113 1074 212 1131 capillato
220 1074 327 1117 diffusum
336 1074 424 1117 consule
433 1083 505 1130 potat,

57 1148 208 1203 calcatamque
216 1157 274 1189 tenet
282 1147 342 1189 bellis
351 1147 466 1190 socialibus
474 1160 552 1199 uvam,

56 1221 159 1264 Cardiaco
168 1234 280 1277 uunquam
290 1222 392 1279 cyathum
403 1222 508 1264 missurus
517 1221 593 1263 amico.

7 1296 8 1353 J
57 1296 108 1337 Cras
117 1292 176 1355 bibet
185 1293 270 1336 Albanis
280 1290 361 1349 aliquid
370 1295 395 1335 de
406 1294 527 1345 montibus,
536 1302 575 1336 aut
583 1294 610 1336 de

57 1367 145 1417 Setinis,
154 1366 218 1422 qu'ns
226 1367 318 1422 patn'am
329 1366 461 1422 titulumque
469 1376 567 1410 senectus

57 1441 138 1484 Delevit
146 1440 216 1483 multa
225 1440 299 1483 veteris
309 1440 399 1497 fuligine
408 1450 478 1483 testae:

58 1514 125 1571 Quale
135 1514 231 1557 coronati
240 1514 332 1557 Thrasea
341 1514 490 1570 Helvidiusque
500 1514 603 1557 bibebant

57 1590 173 1631 Brutorum
183 1597 204 1630 et
212 1588 269 1630 Cassi
278 1586 392 1630 natalibus.
402 1590 448 1644 lpse
458 1601 544 1644 capaces
632 1576 636 1583 ¹

60 1660 171 1703 Heliadum
181 1670 273 1713 crustas,
282 1670 303 1703 et
312 1661 427 1717 inequales
437 1662 518 1718 beryllo

57 1735 120 1777 Virro
130 1744 187 1777 tenet
195 1734 288 1789 phialas:
300 1735 338 1778 tibi
349 1749 392 1778 non
402 1736 546 1778 committitur
554 1748 644 1786 aurum5

57 1806 108 1858 Vel,
118 1808 229 1862 siquando
238 1808 308 1859 detur,
318 1817 389 1851 custus
399 1807 481 1849 adlisus
490 1807 582 1858 ibidem,

59 1880 100 1938 Qui
109 1890 210 1923 numeret
218 1892 325 1936 gemmus,
335 1892 460 1936 unguesque
469 1880 565 1923 observet
574 1882 655 1920 acutos:

59 1955 88 1996 lla
97 1952 194 2003 veniam,
204 1952 303 2008 preclara
313 1954 355 1996 illic
365 1954 467 1995 laudatur
474 1952 549 2007 iaspis3

60 2030 116 2069 Nam
126 2028 200 2078 Virro,
211 2036 235 2071 ut
244 2028 319 2079 multi,
329 2038 425 2085 gemmas
433 2027 460 2069 ad
470 2026 547 2083 poeula
556 2025 656 2069 transfert

60 2106 76 2144 Δ
85 2102 167 2158 digitis,
176 2116 229 2158 quas
238 2104 262 2146 in
270 2103 350 2159 vagina
360 2101 431 2145 fronte
439 2102 522 2144 solebat

60 2178 140 2217 Ponere
148 2175 243 2233 zelotypo
249 2176 335 2232 juvenis
344 2175 443 2231 prelatus
452 2174 540 2217 lllarbae.

60 2250 93 2291 Tu
101 2250 242 2301 beneventani
251 2250 329 2292 sutoris
337 2261 418 2291 nomen
427 2248 541 2289 habentem
