1584 2642
123 247 149 285 50
303 238 326 277 D.
344 236 362 275 J.
380 227 571 274 iuventtis
688 235 756 265 mr.

120 333 239 379 Aurrouurr
249 336 270 369 et
278 334 338 366 vetus
345 331 377 364 est
385 320 492 368 alienum,
499 319 612 364 Postume,
620 312 707 353 lectum

120 406 248 449 concutere,
258 406 322 451 etque
331 393 385 437 sacri
395 391 482 448 genium
491 398 628 431 contemnere
638 382 713 425 fulcri.

120 478 189 517 Omne
199 470 256 513 aliud
266 468 347 511 crimen
356 478 407 507 mox
417 463 485 505 ferrea
493 459 584 517 protulit
592 467 641 499 :etas
650 472 654 496 :

121 545 226 588 Viderunt
235 541 315 597 primos
325 547 424 594 argentea
433 534 504 577 seculo
513 531 614 574 moechos.

120 620 255 661 Contentum
264 624 336 657 tamen
346 623 367 655 et
375 621 474 668 pactum,
484 617 506 650 et
514 604 620 661 sponsalia
628 612 705 645 nostra

121 693 254 747 Tempestate
263 702 337 745 paras,
344 687 434 742 jamque
444 698 456 725 a
466 692 551 724 tonsore
558 677 661 733 magistro

121 765 221 816 Pectoris,
231 774 252 807 et
260 763 327 819 digito
335 762 413 817 pignus
422 757 510 799 fortasse
519 752 601 795 dedisti.

120 842 182 882 Certe
191 852 255 881 sanies
264 838 320 880 eras!
330 838 434 882 Uxorem,
443 832 553 875 Postume,
562 823 634 866 ducis!

121 912 169 963 llic,
179 925 222 965 qun
230 910 354 965 Tisiphone,
364 905 443 962 quibus
452 899 556 954 exagitare
565 893 670 937 colubris?

122 992 183 1031 Ferre
193 996 252 1043 potes
262 987 384 1033 dominam,
393 981 455 1024 salvis
464 986 496 1020 tot
505 975 606 1023 restibus,
615 972 697 1013 ullam?

122 1063 195 1117 Quum
203 1066 290 1112 pateant
299 1056 346 1097 altae
355 1053 510 1105 caligantesque
519 1047 627 1088 fenoeuae?

85 1166 87 1177 .
121 1134 194 1187 Quum
204 1128 242 1169 tibi
252 1126 346 1168 vicinum
356 1138 377 1165 se
387 1122 480 1177 praebeat
488 1118 583 1159 emilius
592 1123 659 1172 pons?

121 1208 163 1247 Aut
172 1203 188 1244 si
198 1203 223 1243 de
233 1199 306 1241 multis
315 1196 387 1239 nullus
396 1194 465 1249 placet
473 1191 552 1239 exitus,
562 1189 615 1230 illud

121 1278 198 1316 Nonne
207 1280 269 1327 putas
279 1268 367 1316 melius,
375 1265 434 1320 quod
444 1272 514 1305 tecum
524 1260 587 1316 pusio
596 1262 690 1305 dormit?

121 1348 195 1394 Posio,
204 1344 241 1401 qui
251 1353 316 1384 noctu
326 1353 369 1381 non
378 1338 460 1392 litigat:
469 1335 533 1391 erigit
541 1348 554 1375 a
565 1344 585 1377 te

121 1420 186 1464 Nulla
192 1420 266 1475 jacens
275 1415 316 1456 illic
327 1411 466 1461 munuscula,
476 1424 515 1451 nec
524 1410 622 1464 queritur
629 1410 689 1464 quod

121 1495 146 1535 Et
155 1490 215 1533 lateri
225 1501 309 1543 parcas,
319 1500 369 1535 nec,
378 1493 485 1539 quantum
490 1482 566 1538 jussit,
576 1481 667 1523 anheles.

121 1565 161 1607 Sed
171 1564 239 1618 placet
248 1560 330 1603 Ursidio
340 1559 372 1601 lex
381 1558 435 1599 iulia
444 1574 448 1598 :
460 1557 533 1599 tollere
542 1556 627 1598 dulcem

120 1636 205 1691 Cogitat
213 1634 325 1683 heredem,
334 1632 439 1673 cariturus
449 1640 532 1672 turture
542 1641 631 1683 magno,

124 1710 284 1762 lllullorumque
291 1706 361 1763 jubis,
372 1716 392 1747 et
401 1714 509 1760 captatore
518 1702 615 1744 mucello.

121 1785 179 1842 Quid
189 1782 234 1825 fieri
244 1795 287 1823 non
296 1794 356 1837 posse
366 1790 438 1835 putes,
448 1779 464 1820 si
471 1777 572 1833 jungitur
582 1775 627 1817 ulla

123 1856 218 1901 Ursidio?
226 1853 243 1895 si
253 1853 386 1895 moechorum
397 1850 521 1893 notissimus
530 1848 584 1889 olim

123 1930 192 1973 Stulta
202 1924 294 1967 maritali
301 1924 348 1980 jam
358 1923 448 1980 porrigit
456 1936 494 1963 ora
502 1920 605 1974 capistro,

122 2007 191 2059 Quem
202 2001 263 2044 toties
272 1999 322 2041 texit
331 1996 420 2055 perituri
429 1996 481 2037 cista
490 1994 568 2036 Lntinit

124 2077 191 2131 Quid,
200 2074 259 2130 quod
268 2082 289 2114 et
298 2070 391 2126 antiquis
401 2082 454 2110 uxor
463 2068 489 2109 de
497 2068 595 2109 moribus
603 2066 633 2108 illi

124 2146 237 2201 Queritur.
246 2146 263 2185 0
273 2142 359 2184 medici!
370 2139 464 2181 mediam
474 2140 594 2194 pertmrdite
603 2154 686 2181 venam,

124 2218 211 2261 Delicias
221 2214 325 2257 hominis!
335 2212 450 2267 Tarpeium
460 2212 526 2255 limen
534 2214 600 2255 adora
