1584 2642
110 214 136 254 30
288 211 310 249 o.
329 210 346 249 J.
364 206 556 249 iuventtis
662 206 741 258 v.195.

110 298 208 350 villicus,
218 307 239 340 et
247 298 322 339 veteris
331 297 390 339 rim-e
399 296 492 338 contexit
501 295 598 345 hiatum,

110 375 197 416 Securos
207 371 312 427 pendente
317 370 381 425 jubet
390 370 484 412 dormire
493 369 562 411 ruina.

111 446 232 488 Vivendum
242 443 335 493 estillic,
351 444 387 487 uhi
398 444 458 487 nulla
466 444 575 494 incendia,
585 442 639 484 nnlli

111 521 179 561 Nocte
189 527 265 560 metus.
274 520 321 560 lam
332 518 400 573 poscit
408 532 499 573 aquam,
505 517 553 572 jum
564 515 641 558 frivola
651 513 755 559 transfert

112 589 230 646 Ucalegon:
241 590 337 632 tabulata
346 590 384 631 tihi
391 589 439 646 jam
448 589 509 632 tertia
518 588 616 637 fumant3

114 666 147 707 Tu
155 664 229 707 nescis.
239 666 295 706 Nam
305 664 322 706 si
331 664 432 719 gradihus
442 664 560 718 trepidatur
568 663 595 704 ab
604 661 667 712 imis,

114 736 207 779 Ultimus
217 737 310 785 ardebit,
320 750 384 791 quem
396 735 465 791 tegula
474 735 520 776 solo
529 744 602 777 tuetur

116 811 132 850 Α
141 809 223 864 pluvia,
233 809 308 851 molles
318 809 355 850 ubi
365 808 457 850 reddunt
466 821 505 850 ova
515 806 626 848 columba.

118 958 199 998 tacius
209 964 254 997 erat
263 958 332 997 Codro
341 955 431 997 Procula
440 955 517 1003 minor,
528 954 607 995 urceoli
616 965 663 1003 sex,

119 1028 274 1067 Ornamentum
285 1025 344 1065 abaci
353 1042 358 1074 ;
368 1039 408 1066 nec
417 1038 461 1066 non
471 1034 492 1065 et
501 1024 601 1078 parvulus
610 1023 669 1065 infra

120 1097 249 1143 eandam,
260 1105 281 1137 et
294 1097 396 1136 recubans
407 1096 447 1135 snb
457 1096 533 1135 eodem
545 1109 653 1137 memore
661 1096 756 1138 Chiron:

121 1170 212 1221 lemque
221 1176 281 1207 vctus
290 1179 368 1221 graecos
377 1166 475 1205 servabat
483 1165 536 1206 cista
544 1164 637 1216 libellos,

122 1244 147 1284 Et
156 1241 227 1283 divina
237 1239 295 1295 Opici
305 1240 410 1281 rodebant
418 1238 514 1279 carmina
524 1252 602 1280 mures.

124 1313 158 1355 Nil
169 1313 244 1355 habuit
253 1313 346 1354 Codrus:
356 1310 405 1365 quis
414 1310 472 1352 enirn
481 1317 555 1366 negati
564 1321 586 1353 et
595 1320 666 1353 temen
676 1312 732 1356 illud

124 1386 216 1429 Perdidit
224 1385 297 1427 infelix
307 1394 377 1426 totum
387 1384 447 1425 nihil.
457 1384 549 1427 Ultimus
557 1395 631 1427 nutem

127 1462 232 1499 AErumnae
242 1455 353 1505 cumulus,
363 1457 422 1511 quod
430 1458 514 1499 nudum
522 1468 543 1498 et
552 1457 621 1499 frusta
630 1468 746 1513 rogantem

128 1533 197 1572 Nemo
206 1530 265 1577 cibo,
276 1542 339 1571 uerno
349 1529 441 1584 hospitio
452 1539 548 1584 tectoque
553 1529 645 1585 juvabit.

128 1604 149 1645 Si
159 1616 237 1657 magna
246 1603 336 1647 Asturici
344 1602 420 1644 cecidit
428 1603 516 1651 domus,
527 1602 613 1643 horrida
622 1611 695 1653 mater,

128 1676 205 1718 Pullati
214 1689 321 1731 proceres,
329 1674 404 1717 differt
412 1676 534 1717 vadimonia
542 1686 625 1731 praetor.

130 1754 190 1795 Tunc
200 1750 306 1805 gemimus
315 1764 376 1793 casus
387 1751 457 1799 urbis,
467 1761 518 1793 tnnc
527 1751 612 1793 odimus
621 1750 697 1805 ignem.

131 1827 194 1869 Ardet
203 1825 284 1875 adhuc,
294 1824 368 1880 etjam
376 1826 482 1876 adcurrit,
492 1824 529 1880 qui
539 1836 646 1865 marmora
655 1823 729 1876 donet,

131 1900 231 1943 Conferat
239 1900 351 1955 impensas.
361 1900 399 1941 liic
408 1899 476 1947 nuda,
486 1907 507 1939 et
516 1897 606 1939 candida
614 1896 682 1951 signa3

133 1973 170 2014 llic
180 1972 259 2026 aliquid
269 1971 394 2027 preclarum
404 1969 548 2025 Euphranoris
557 1979 579 2011 et
586 1967 692 2023 Polycleti,

136 2045 182 2084 lieo
191 2044 317 2084 Asianorum
327 2052 397 2084 vetera
406 2051 533 2083 ornamenta
541 2041 640 2082 deorum:

137 2116 173 2156 liic
182 2115 247 2155 libros
256 2115 345 2156 dubitet
354 2112 446 2162 forulos,
456 2113 592 2168 mediamque
600 2113 721 2165 Minervam

138 2186 175 2227 llic
185 2186 283 2227 modium
292 2185 385 2239 argenti:
396 2184 485 2225 meliora
493 2198 517 2226 ac
526 2185 588 2239 plura
597 2184 675 2239 reponit
