1584 2642
110 258 136 309 78
286 256 309 295 b.
327 256 345 295 J.
363 250 555 294 Jnvrttttis
674 262 695 290 v.
708 262 747 302 7²·

108 346 158 386 Non
168 343 239 385 minor
248 342 337 395 antiquo
346 340 459 381 Rubrenus
467 340 538 393 Lappa
547 336 665 386 cothurno,

107 415 175 472 Cujus
184 425 206 457 et
215 413 316 462 alveolos,
326 422 348 454 et
356 412 434 453 laenam
443 410 541 466 pignerat
549 411 635 451 Atreus?

84 542 88 549 ι
107 493 157 532 Non
166 490 231 531 habet
240 487 313 530 infelix
322 486 426 529 Numitor
434 486 492 541 quod
502 485 575 526 mittat
583 483 665 534 amico3

107 561 216 619 Quintiliae
226 562 284 617 quod
294 562 359 602 donet
368 560 446 601 habet:
457 573 495 600 nee
505 556 574 599 defuit
584 556 625 606 illi,

108 636 168 676 Unde
176 645 257 677 emeret
266 634 335 676 multa
344 634 476 689 pascendum
486 645 550 673 carne
559 630 644 672 leonem

106 710 154 750 lam
164 709 280 751 domitum.
289 711 377 751 Constat
385 708 459 750 leviori
469 706 540 748 bellua
549 714 624 747 sumtu

106 784 229 837 Nimirum,
238 794 259 826 et
268 784 356 840 capiunt
365 782 414 839 plus
424 782 524 824 intestina
533 790 607 835 poetae.

106 932 236 973 emamus
246 931 305 973 fama
311 930 384 985 jaceat
392 931 491 969 Lucanus
501 926 523 967 in
533 924 600 967 hortis

106 1003 243 1052 Marmoreis,
253 1013 275 1044 at
284 1004 374 1043 Serrano
384 1000 486 1054 tenuique
496 998 565 1040 Saleio

107 1074 178 1117 Gloria
187 1074 320 1128 quantalibet
329 1074 381 1127 quid
390 1073 440 1121 erit,
451 1073 468 1113 si
478 1071 544 1126 gloria
554 1080 641 1113 tantum
650 1077 699 1112 cst?

107 1147 205 1190 Curritur
214 1148 241 1187 ad
251 1160 325 1187 vocem
332 1145 455 1200 jucundam
464 1155 485 1186 et
494 1158 582 1186 carmen
591 1143 666 1185 amicte

107 1218 239 1267 Thebaidos,
250 1216 321 1259 laetam
332 1216 382 1257 lecit
390 1230 461 1271 quum
469 1214 548 1257 Statius
557 1218 646 1267 urbem,

110 1289 252 1344 Promisitque
261 1288 329 1337 diem;
341 1296 401 1329 tanta
409 1271 521 1328 dulceddie
530 1299 604 1343 captos

106 1364 185 1406 Adlicit
194 1364 228 1406 ille
238 1363 332 1409 animos,
343 1370 445 1415 tantaque
454 1361 542 1403 libidine
551 1363 609 1417 vulgi

107 1438 210 1480 Auditur!
221 1438 257 1478 sed
266 1450 335 1491 quum
346 1434 409 1491 fregit
417 1435 517 1477 subsellia
526 1450 599 1485 versu,

106 1508 190 1558 nsunt,
200 1509 304 1550 intactam
314 1507 382 1549 Paridi
392 1508 432 1549 nisi
442 1509 519 1549 vendat
528 1513 618 1564 Agaven.

103 1580 142 1622 lllc
151 1590 173 1621 et
182 1579 262 1621 militia
273 1578 347 1621 multis
357 1577 447 1635 largitur
456 1580 572 1628 honorem,

105 1652 205 1697 semestri
215 1663 289 1695 vatum
299 1652 376 1708 digitos
386 1653 523 1709 circumligat
531 1668 592 1695 auro.

105 1728 168 1784 Quod
178 1740 222 1768 non
232 1728 283 1769 dant
293 1740 389 1782 proceres
399 1726 473 1777 ‚dabit
482 1726 564 1768 histrio.
573 1728 608 1787 Tu
615 1727 750 1771 Camerinos

104 1802 130 1843 Et
139 1803 225 1851 Bareas,
236 1810 259 1843 tu
269 1800 375 1843 nobilium
386 1814 465 1855 magna
473 1799 528 1841 atria
536 1801 610 1841 curas!

104 1872 216 1915 Praefectos
225 1873 314 1929 Pelopea
323 1872 385 1920 facit.
395 1872 512 1915 Philomela
523 1872 628 1915 tribunos.

104 1945 166 1987 llaud
177 1955 248 1986 tamen
258 1945 352 1987 invideas
362 1944 416 1994 vati,
425 1958 491 1999 quem
500 1943 584 1999 pulpita
593 1953 693 1999 pascunt.

105 2017 157 2073 Quis
168 2016 206 2058 tibi
216 2018 331 2059 Maecenas?
340 2017 388 2071 quis
398 2029 456 2057 nunc
465 2016 506 2057 eric
515 2026 553 2058 aut
562 2015 699 2066 Proculeius,

104 2091 146 2131 Aut
155 2090 245 2132 Fabius?
254 2091 302 2145 quis
311 2092 373 2133 Cotta
383 2089 474 2139 iterum;
483 2090 532 2144 quis
541 2090 643 2133 Lentulus
652 2090 724 2133 alter?

104 2162 165 2202 Tunc
173 2175 211 2216 par
220 2162 305 2217 ingenio
314 2161 421 2216 pretium,
432 2169 483 2201 tunc
493 2162 544 2203 utile
555 2161 630 2204 multis

105 2232 194 2286 Pallere,
204 2246 225 2277 et
234 2235 309 2277 vinum
320 2243 365 2277 toto
375 2232 455 2275 nescire
465 2234 580 2277 decembri.
