1584 2642
63 220 133 273 ’.44
301 218 423 260 sirini
441 219 467 260 V.
661 220 701 271 ¹9⁵

63 312 135 365 Atque
145 308 265 350 verecunda
275 306 372 350 laxamus
381 307 436 350 seris
446 319 526 350 mensa.

63 383 115 423 Non
122 380 223 436 equidem
232 380 274 421 lroc
282 379 379 429 dubites,
389 380 506 420 amborum
515 376 594 420 foedere
604 387 664 422 certo

63 453 190 496 Consentire
199 452 254 503 dies,
264 463 286 496 et
295 454 324 494 sb
333 466 378 494 uno
387 453 456 495 sidere
466 453 522 496 duci.

62 525 144 566 Nostra
153 522 186 565 vel
195 522 272 578 equali
281 524 393 578 suspendit
403 534 501 579 tempora
510 523 565 566 libra
611 559 615 566 ,

61 600 130 639 Parca
139 582 202 639 tensi
211 597 268 647 veri,
278 611 316 639 seu
325 606 376 639 nats
385 595 485 639 fidelihus
494 596 548 638 hors

60 670 142 712 Dividit
151 669 174 712 in
183 670 284 712 Geminos
293 670 409 712 concordia
417 670 461 714 rara
471 671 577 720 duorum

61 746 226 798 Saturnumque
235 757 321 799 gravem
330 755 405 786 nostro
414 747 465 786 Jove
475 743 595 800 frangimus
604 757 655 786 una.

61 813 141 859 Nescio
150 818 209 873 quod
219 828 275 861 certe
285 827 328 868 est,
337 819 396 873 quod
406 832 441 860 me
451 818 490 860 tibi
499 826 615 872 temperet,
625 826 715 860 astrum.

91 890 150 933 lllille
160 890 277 933 hominum
285 891 375 947 speeies,
385 901 407 934 et
417 904 489 934 rerum
499 889 591 932 discolor
600 903 665 933 usus:

61 964 123 1006 Velle
132 979 197 1006 suum
207 966 285 1021 cuique
294 975 337 1016 est,
349 980 388 1008 nee
398 975 447 1008 voto
457 965 536 1008 vivitur
546 978 597 1008 uno.

59 1037 168 1079 Mercibus
177 1036 212 1079 hic
222 1037 279 1080 ltslis
287 1047 360 1080 mutat
368 1039 410 1080 sub
420 1037 464 1080 sole
474 1038 555 1080 recenti

58 1110 171 1164 Rugosum
180 1109 252 1164 piper,
261 1118 283 1151 et
292 1109 390 1164 pollentis
400 1123 465 1165 grana
475 1109 566 1152 cumini.

59 1183 97 1224 llic
107 1192 178 1233 sauir,
187 1182 269 1238 irriguo
278 1183 361 1226 mavult
370 1193 489 1239 turgescere
498 1197 575 1228 somno
584 1201 589 1226 :

59 1255 97 1297 llic
106 1268 186 1310 campo
195 1255 306 1312 indulget:
315 1255 374 1298 huno
384 1256 430 1298 aler
439 1257 541 1312 decoquit
552 1273 556 1298 :
565 1256 599 1299 ille

57 1329 83 1369 ln
93 1328 200 1369 Venerem
209 1337 295 1383 putret:
306 1329 344 1370 sed
353 1341 406 1371 cum
415 1329 510 1384 lapidosa
519 1328 616 1384 chiragra

58 1401 154 1458 Fregerit
162 1401 264 1444 articulos
271 1402 347 1444 vetetis
356 1402 446 1446 ramelia
455 1403 509 1460 frgi,
570 1451 572 1456 ,

56 1475 121 1516 Tune
129 1486 212 1516 crassos
221 1473 321 1516 transisse
330 1474 386 1524 dies,
394 1473 511 1530 lucemque
520 1474 650 1531 palustrem,

57 1549 84 1588 Et
92 1546 134 1588 sibi
140 1545 190 1601 jam
198 1546 241 1588 seri
249 1546 316 1589 vitam
326 1545 451 1602 ingemuere
461 1547 565 1590 relictam.

57 1623 85 1662 lt
94 1630 116 1663 te
124 1621 236 1663 nocturnis
241 1620 305 1676 jurat
313 1621 458 1677 impallescere
467 1620 554 1663 chartis.

56 1691 134 1736 Cultor
142 1692 201 1734 enim
209 1706 231 1734 es
237 1692 356 1748 juvenum,
366 1701 467 1748 purgatas
477 1681 551 1734 inseris
559 1704 623 1733 aures

57 1765 128 1819 Fruge
136 1762 257 1806 Cleanthes.
267 1764 332 1808 Petite
341 1764 391 1806 hine
398 1796 403 1816 ‚
410 1762 554 1820 juvenesque,
564 1776 677 1818 senesque,

56 1835 133 1877 Finem
143 1835 217 1878 animo
226 1849 321 1887 certum,
331 1835 456 1892 miserimus
466 1835 543 1878 viatica
552 1834 616 1879 oanis.

56 1909 109 1950 Cras
117 1907 159 1948 hoc
169 1907 211 1950 liet.
221 1909 281 1950 ldern
290 1923 336 1952 cras
345 1908 388 1952 fiee
399 1909 467 1966 Quidl
475 1907 537 1963 qussi
546 1920 652 1963 magnum

57 1982 142 2035 Nempe
151 1980 209 2022 diem
219 1981 286 2023 donis
294 1998 299 2024 ι
308 1982 345 2024 sed
354 1995 406 2024 curn
415 1981 453 2024 lux
462 1981 528 2024 altera
537 1980 605 2031 venit,

55 2054 107 2096 lam
116 2065 163 2093 crns
172 2052 298 2096 hesternum
306 2053 479 2096 consumsimus:
490 2067 537 2096 ecce
548 2051 607 2096 eliud
616 2063 663 2093 cras

57 2127 128 2182 Egerit
137 2126 177 2169 hos
185 2140 265 2178 nonos,
275 2138 296 2171 et
304 2142 388 2185 semper
398 2129 489 2185 paulum
498 2129 539 2172 crit
548 2129 610 2174 ultre.

55 2201 114 2244 Nam
123 2200 224 2256 quamvis
234 2214 300 2258 prope
310 2211 343 2255 te,
351 2202 450 2258 quumvis
461 2211 546 2248 temone
555 2205 596 2248 sub
606 2219 661 2258 uno,

574 2278 606 2319 13.
