1584 2642
101 245 128 286 go
281 233 303 273 l).
321 233 339 273 l.
356 229 548 271 tovanatls
648 242 734 271 vasa.

100 318 199 363 Fortibus
208 327 229 362 et
238 318 320 360 miseris
329 332 333 357 :
344 315 405 359 tollas
413 316 463 357 lieet
472 329 536 357 omne
545 315 604 370 quod
613 328 708 370 usquam
718 326 750 359 est

99 392 150 433 Auri
160 402 224 447 atque
233 390 325 446 argenti;
335 398 421 431 scutum
431 387 569 443 gladiumque
578 387 699 443 relinques,
782 405 787 417 ·

100 466 125 506 llt
131 464 215 521 jacula,
225 473 246 505 et
254 462 343 518 galeam.
353 461 451 517 Spoliatis
460 475 521 503 arma
529 471 650 521 supersunt

100 610 162 664 Quen
171 608 236 649 modo
245 608 358 664 proposui,
367 620 412 649 nou
422 618 453 650 est
461 606 577 657 senteutia;
586 619 663 648 rerurn

99 681 182 723 Credite
191 694 226 722 me
235 682 295 723 vobis
305 678 382 723 folium
393 680 481 723 recitare
489 678 578 735 Sibyllae.

100 755 120 797 si
131 754 169 797 tibi
178 764 251 798 sancta
259 756 335 798 cohors
344 755 462 805 comitum,
470 754 488 795 si
496 765 561 795 nemo
571 752 666 794 tribunal

100 828 179 870 Vendit
187 831 344 879 Aeersecomes,
353 828 370 869 si
380 827 465 869 nullum
474 827 496 868 in
506 825 597 881 conjuge
605 825 702 877 crimen,

101 900 145 941 Nec
155 913 193 955 per
202 911 329 951 conventus,
339 914 378 942 nec
387 909 465 941 cuncta
473 911 511 953 per
519 898 598 953 oppida
606 897 677 939 curvis

100 971 212 1025 Unguibus
222 972 252 1012 ire
261 981 333 1027 parat,
342 984 445 1013 nummos
455 979 542 1024 raptura
550 968 646 1011 celano:

101 1044 161 1084 Tunc
171 1042 220 1085 licet
228 1058 240 1085 a
249 1044 297 1086 Pico
307 1057 407 1085 numeres
416 1056 494 1098 genus;
502 1041 588 1097 altaque
596 1042 613 1083 si
623 1050 644 1084 te

101 1114 195 1157 Nomina
205 1114 320 1165 delectant,
330 1128 418 1155 omnem
427 1114 524 1156 Titanida
533 1127 629 1169 pugnarn

100 1187 158 1227 luter
167 1183 259 1238 majores
269 1184 382 1239 ipsumque
391 1184 517 1225 Promethea
525 1198 606 1240 ponas:

101 1260 130 1299 De
138 1269 276 1312 quocumque
286 1256 341 1300 voles
351 1269 455 1310 proavum
465 1256 504 1298 tibi
514 1258 594 1300 sumito
602 1257 664 1300 libro.

101 1330 164 1386 Quod
173 1328 190 1371 si
199 1328 328 1385 precipitem
339 1328 394 1382 rapit
402 1329 497 1371 ambitus
506 1340 570 1385 atque
580 1330 658 1381 libido,

102 1403 122 1445 Si
133 1403 213 1457 frangis
222 1402 290 1456 virgas
299 1401 407 1443 sociorum
416 1402 439 1444 iu
447 1404 562 1457 sanguine,
571 1404 589 1445 si
598 1413 618 1446 te

102 1473 210 1516 Delectant
218 1472 304 1514 hebetes
313 1472 367 1514 lasso
377 1472 451 1515 lictore
460 1486 542 1516 secures
552 1488 557 1513 :

101 1545 178 1600 Incipit
186 1544 282 1599 ipsorum
292 1553 366 1586 contra
376 1553 396 1586 te
405 1553 460 1587 stare
468 1555 583 1600 parentum

102 1618 218 1667 Nobilitas,
228 1616 351 1673 claramque
360 1617 429 1660 facem
438 1618 536 1674 praeferre
546 1620 657 1674 pudendis.

89 1711 94 1717 ·
103 1695 171 1735 Omne
180 1690 247 1733 animi
256 1690 333 1739 vitium
344 1700 404 1733 tanto
413 1691 546 1746 conspectius
555 1691 612 1733 inse-

103 1765 189 1809 Crimen
199 1764 274 1816 babet,
283 1774 365 1820 quanto
375 1764 446 1821 major
454 1765 492 1820 qui
501 1774 586 1820 peceat,
593 1766 693 1809 babetur.

104 1842 151 1897 Quo
161 1839 214 1881 mibi
225 1848 244 1881 te
254 1838 340 1881 solitum
351 1838 414 1881 falsas
422 1840 505 1894 signare
514 1839 601 1881 tabellas

103 1915 127 1955 lu
137 1910 221 1967 templis
229 1925 276 1966 quae
286 1910 337 1953 feeit
345 1925 408 1962 avus,
418 1921 553 1967 statuamque
562 1911 654 1968 parentis

103 1990 155 2031 Ante
165 1984 329 2040 triumphalem?
338 1998 393 2040 quo,
402 1984 420 2025 si
430 1993 548 2026 nocturnus
557 1985 641 2027 adulter

103 2062 208 2115 Tempora
217 2058 330 2101 Santonico
339 2056 395 2099 velas
405 2057 506 2111 adoperta
514 2058 609 2101 euenllol

105 2208 192 2247 ”ouran
200 2202 310 2259 majorum
319 2201 399 2245 eineres
407 2209 471 2256 atque
481 2216 528 2247 ossa
536 2203 624 2254 volucri
