1584 2642
106 217 134 270 46

105 302 191 346 Virroni
201 314 297 344 murana
305 302 375 350 datur,
385 314 433 355 quae
442 299 537 343 maxima
546 298 604 341 venit

105 375 191 429 Gurgite
200 374 227 417 de
235 372 314 414 siculo:
324 384 387 421 nam,
397 372 451 413 dum
460 385 482 413 se
491 370 586 413 continet
594 371 676 420 Auster,

107 451 162 491 llum
171 448 240 499 sedet,
249 455 270 488 et
279 445 343 488 siccat
352 446 449 489 madidas
455 446 481 487 iu
491 459 574 488 carcere
583 458 675 501 pennas,

106 522 253 564 Contemnunt
261 518 355 561 mediam
366 518 477 561 temeraria
486 517 531 559 lina
539 516 676 574 Charybdim.

106 595 150 635 Vos
156 592 253 649 anguilla
262 603 336 636 manet
344 592 412 649 longe
421 602 512 650 cognata
520 592 625 642 colubra,

106 668 148 709 lut
157 666 223 722 glacie
231 668 342 724 adspersus
352 667 442 710 maculis
450 666 573 717 Tiberinus,
583 665 656 720 etipse

52 790 54 795 Ι
107 738 200 783 Vernula
211 740 318 797 riparum,
328 740 413 798 pinguis
422 749 516 784 torrente
525 738 607 789 cloaca,

106 812 132 854 Et
140 812 215 856 solitus
222 814 297 856 mediae
305 823 404 871 cryptam
412 823 523 870 penetrare
532 813 638 855 suburra.

136 962 178 1002 lrsr
187 974 255 1016 pauca
265 961 340 1012 velim,
350 960 435 1002 facilem
444 960 461 1002 si
471 960 564 1015 prebeat
572 971 654 1001 aurem.

108 1034 178 1074 Nemo
187 1033 240 1087 petit
250 1034 339 1075 modicis
348 1033 548 1088 quae.mittebantur
556 1031 631 1073 amicis

108 1105 124 1146 Δ
134 1106 222 1153 Seneca,
232 1117 279 1158 quae
288 1104 334 1145 Piso
344 1105 426 1155 bonus,
434 1118 482 1158 quae
490 1106 552 1145 Cotta
561 1103 643 1146 solebat

109 1176 200 1233 largiri:
211 1190 304 1231 namque
314 1186 335 1219 et
344 1176 411 1217 titulis
420 1185 442 1218 et
451 1175 544 1217 fascibus
552 1175 606 1219 olim

109 1248 178 1303 Major
186 1248 306 1290 habebatur
315 1246 409 1289 donandi
419 1246 498 1301 gloria:
507 1245 579 1288 solum

109 1323 229 1372 roselmus,
240 1330 264 1364 ut
273 1334 342 1363 coenes
351 1319 445 1363 civiliter.
456 1322 499 1362 lloe
508 1319 565 1370 lace,
575 1329 596 1363 et
605 1331 660 1373 esto,

109 1396 170 1445 asto,
179 1403 203 1436 ut
211 1407 270 1435 nuuc
280 1392 354 1443 multi,
364 1391 421 1434 dives
431 1392 480 1445 tibi,
489 1405 570 1450 pauper
578 1394 659 1439 amicis.

139 1538 228 1579 arsurus
237 1546 286 1579 ante
295 1536 366 1592 ipsum
377 1538 449 1593 magni
456 1537 526 1593 jecur,
535 1539 645 1581 anseribus
654 1552 693 1595 par

109 1610 187 1661 uirilis,
197 1620 218 1653 et
227 1610 275 1653 ssavi
285 1611 361 1667 dignus
371 1611 428 1654 ferro
437 1612 534 1668 Meleagri

112 1686 189 1725 rumai
198 1696 254 1739 aper.
264 1686 313 1726 Post
322 1684 373 1726 huic
383 1685 487 1726 redeatur
496 1686 581 1736 tubera,
591 1685 609 1727 si
618 1699 655 1727 rer

111 1758 171 1799 Tunc
180 1756 231 1806 erit,
240 1766 262 1799 et
271 1756 349 1799 facient
358 1767 431 1812 optata
441 1756 535 1799 tonitrua
544 1770 613 1799 coenas

111 1827 208 1885 majores.
217 1828 264 1870 Tibi
274 1829 329 1871 habe
339 1828 486 1879 frumentum,
494 1828 587 1870 Alledius
597 1828 677 1883 inquit.

111 1905 127 1944 0
136 1902 210 1959 Libye;
219 1900 317 1958 disjunge
327 1903 402 1953 hoves,
411 1904 464 1944 dum
474 1902 550 1944 tubera
559 1901 639 1944 mittas.

112 2046 255 2096 Sraueroarrr
265 2050 356 2100 interea,
366 2064 392 2091 ne
402 2062 445 2105 qua
454 2048 572 2105 indignatio
581 2048 645 2098 desit,

112 2120 229 2163 saltantem
238 2131 329 2177 spectes,
339 2132 361 2163 et
369 2122 534 2165 chironomonta
544 2121 624 2169 volanti

112 2195 213 2249 Cultello,
223 2197 290 2241 donec
299 2207 385 2253 peragat
393 2197 472 2239 dictata
481 2196 578 2254 magistri¹

286 216 309 255 D.
326 216 344 255 J.
362 212 554 255 invertitis
666 223 730 265 ηρ.

769 645 777 695 l
