1584 2642
131 186 170 227 186
362 188 385 228 Λ.
403 187 516 230 ptiust}
693 208 712 235 v.
725 208 748 235 ιι

127 274 283 316 Contemnere:
294 283 356 315 sonat
365 274 441 316 vitium
452 288 560 329 percussa,
571 276 664 333 maligne

127 348 245 402 Respondet
254 347 315 389 viridi
324 362 368 389 non
377 358 438 390 cocta
447 348 517 390 fidelia
525 348 584 391 limo.

126 419 205 469 Udum,
211 428 232 460 et
237 418 377 461 mollelutum
382 433 404 461 es
410 436 415 470 ;
421 434 486 471 nuuc,
492 435 549 462 nunc
555 425 710 478 properandus,
716 426 778 474 etscri

125 492 245 546 Fingendus
254 491 299 533 sine
310 492 353 534 fine
362 502 415 534 rota.
425 494 465 535 Sed
475 507 523 536 rure
532 505 620 549 paterno

126 567 162 608 Est
172 565 210 607 tibi
220 565 384 617 taruanicam,
394 581 486 622 purum,
496 578 516 610 et
526 569 570 610 sine
580 568 628 611 labe
637 571 739 615 salinum.

127 637 184 694 Quid
193 645 288 681 metuas?
298 639 416 694 cultrixque
425 639 467 682 feci
477 655 551 684 secura
561 643 637 698 patella
647 655 694 686 est:

125 696 168 754 lloc
177 713 240 755 satist
248 727 275 755 an
284 714 357 756 deceat
365 714 492 770 pulmonem
503 730 601 773 rumpere
611 719 690 769 ventis,

125 785 242 828 Stemmate
251 786 309 841 quod
318 788 387 828 Tusco
394 799 493 838 ramum,
503 787 625 839 millesime,
635 791 709 834 ducis:

125 858 268 900 Censoremne
277 868 340 900 tuum
349 858 381 900 vel
392 859 461 914 quod,
472 847 575 912 trabeate,
586 861 677 904 salutas?

123 930 154 970 td
162 930 268 985 populum
278 931 386 987 phaleras:
396 945 435 986 ego
444 941 464 973 te
474 931 542 983 intus,
552 934 603 976 etin
614 945 663 979 cute
672 937 729 983 novi.

122 1004 172 1044 Non
182 1005 248 1058 pudet
257 1007 284 1047 ad
293 1019 376 1047 morem
385 1005 481 1048 discincti
492 1007 559 1050 vivere
570 1011 650 1051 Nattaet

123 1074 162 1114 Sed
172 1083 243 1129 stupet
252 1076 287 1117 hic
296 1076 358 1128 vitio,
368 1085 389 1118 et
398 1077 457 1119 libris
466 1079 554 1121 increvit
563 1082 662 1136 opimum

122 1147 212 1202 Pingue:
222 1159 280 1211 caret
289 1149 362 1205 culpa:
372 1152 440 1194 nescit
448 1154 501 1208 quid
511 1157 585 1209 perdat
595 1173 599 1196 :
610 1165 630 1198 et
640 1155 683 1198 alto

122 1220 245 1271 Demersus,
254 1233 342 1264 summa
350 1239 424 1268 rursus
433 1241 476 1269 non
487 1227 549 1269 bullit
558 1228 580 1269 in
590 1230 655 1270 unda.

149 1293 224 1346 Magne
232 1303 293 1347 pater
301 1295 387 1350 divum,
396 1313 460 1341 saevos
469 1301 545 1355 punire
555 1311 656 1357 tyrannos·

122 1365 183 1406 llaud
191 1365 233 1406 alia
242 1365 393 1422 ratiunculis,
404 1385 455 1414 cum
464 1374 510 1415 dira
518 1373 585 1417 libido

120 1436 210 1478 Moverit
218 1437 329 1493 ingenium
338 1440 427 1484 ferventi
438 1445 503 1486 tincta
512 1460 593 1489 veneno
602 1463 608 1489 :

120 1508 229 1550 Virtutem
241 1509 336 1563 videant,
346 1513 521 1572 intabescantque
531 1519 609 1562 relicta.

118 1583 178 1622 enne
187 1583 254 1638 magis
263 1585 327 1627 Siculi
337 1600 465 1642 gemuerunt
476 1605 518 1634 aera
523 1592 623 1648 juvenci,

117 1653 143 1694 Et
152 1653 219 1708 magis
228 1657 308 1699 auratis
317 1661 411 1713 pendens
420 1660 554 1716 laquearibus
564 1665 619 1707 ensis

118 1723 237 1778 Purpureas
246 1729 320 1770 subter
328 1732 418 1774 cervices
429 1735 514 1785 terruit,
524 1739 593 1788 Imus,

118 1799 178 1839 lmus
187 1800 314 1855 precipites,
323 1817 389 1858 quana
400 1807 417 1848 si
426 1807 466 1849 sibi
476 1809 543 1860 dicat,
553 1821 574 1852 et
583 1811 641 1854 intus
657 1853 659 1856 .

118 1869 197 1912 Palleat
206 1870 289 1921 infelix,
298 1877 356 1928 quod
365 1877 463 1931 proxima
472 1881 552 1923 nesciat
560 1889 627 1924 uxort

117 1943 174 1998 Saepe
183 1943 267 1996 oculos,
277 1949 376 1999 memini,
387 1951 495 2006 tingebain
504 1969 582 2010 parvus
592 1957 658 2009 olivo,

116 2017 210 2058 Grandia
217 2017 235 2058 si
244 2019 323 2063 uellem
333 2025 439 2066 morituro
448 2028 512 2068 verba
521 2031 595 2072 Catoni

116 2087 199 2140 Dicere,
208 2104 252 2133 non
261 2105 314 2137 sano
323 2097 417 2140 multum
428 2098 534 2144 laudanda
542 2105 655 2159 magistro,

117 2161 168 2216 Qua
177 2171 238 2216 pater
245 2165 342 2210 adductis
350 2171 429 2212 sudans
439 2171 522 2216 audiret
531 2176 612 2222 amicis.
