1584 2642
106 218 133 257 do
285 219 307 260 D.
327 220 345 258 J.
363 218 557 260 invertitis
657 221 737 272 vssird.

27 351 30 363 Ι
106 301 189 345 AEmilio
199 303 285 345 dubitur
293 312 401 358 qnantum
411 313 479 359 petet·;
488 314 509 346 et
519 305 597 347 melius
605 318 645 348 nos

17 2509 97 2605 L,

106 377 205 431 ligimus:
216 376 281 431 hujus
290 377 400 419 enimstat
408 392 485 421 currus
495 379 600 432 aheneus,
610 379 648 423 alti

108 448 249 504 Quadrijuges
259 449 281 489 in
291 450 411 501 vestibulis,
420 461 484 505 anpue
493 452 537 506 ipsc
548 451 612 494 feroci

107 519 209 563 llellatore
219 521 292 562 sedens
302 532 416 565 curvatum
426 523 502 565 hastile
512 523 608 565 minatur

109 593 210 645 amians,
219 603 240 635 et
249 604 320 637 statua
329 596 447 638 meditatur
455 595 527 651 praelia
536 595 601 637 lusca.

108 666 141 707 Sic
151 667 206 707 Pedo
215 669 340 718 conturbat,
351 670 425 711 lllatlio
433 668 516 718 delicit;
526 668 593 711 exitus
603 667 640 710 hie
647 678 682 711 est

109 740 211 795 Tongilli‚
221 756 300 797 magno
310 757 360 784 curn
371 744 504 784 rhinocerote
513 741 578 784 lavari

109 812 151 869 Qui
161 812 225 863 solet,
235 824 256 855 ct
266 824 326 856 verat
335 814 442 857 lutulenta
452 814 529 854 balnca
538 814 613 863 turba,

109 887 189 940 Perque
200 886 271 929 lorum
277 886 368 942 juvenes
378 887 442 941 longo
451 886 530 942 premit
539 899 607 927 assere
617 887 693 928 llloesos

110 960 213 1001 Emturus
222 975 310 1016 pueros,
320 972 447 1017 argentum,
457 960 564 1009 murrina,
575 960 646 1001 villas:

111 1031 206 1086 Spondet
215 1034 273 1073 enim
283 1031 299 1074 Τ
299 1034 346 1088 yrio
355 1033 450 1075 stlattaria
459 1046 556 1087 purpura
566 1032 609 1074 filo.

111 1102 137 1143 Et
146 1111 219 1143 tamen
229 1112 260 1143 est
268 1102 310 1143 illis
319 1103 360 1143 hoc
369 1102 433 1152 utile;
443 1116 539 1158 purpura
549 1104 621 1145 vendit

111 1174 261 1224 Causidicum,
272 1176 367 1216 vendunt
377 1176 530 1233 amethystinnj
541 1177 641 1219 contenit
650 1176 693 1218 illis

112 1247 137 1288 Et
146 1244 246 1300 strepitu,
257 1253 278 1287 et
287 1244 340 1287 facie
350 1244 439 1299 majoris
450 1246 517 1288 vivere
527 1250 609 1290 census.

113 1319 153 1360 Sed
163 1317 229 1359 linem
239 1317 339 1372 impeusae
349 1330 393 1359 non
402 1327 472 1361 servat
480 1320 569 1374 prodiga
577 1323 651 1362 lloma.

113 1465 206 1507 Fuimus
216 1463 313 1519 eloquio?
321 1464 417 1507 Ciceroni
427 1480 491 1509 nemo
501 1469 605 1511 ducentos

115 1540 178 1580 Nunc
188 1539 269 1580 dederit
278 1552 393 1591 nummos,
402 1541 443 1581 nisi
453 1541 539 1584 fulserit
547 1542 641 1585 annulus
651 1543 734 1600 ingens.

114 1611 205 1666 Respicit
215 1610 255 1653 hoc
264 1612 360 1667 primum
370 1615 407 1669 qui
417 1614 497 1671 litigat,
507 1630 535 1658 an
545 1616 583 1657 tibi
592 1617 646 1658 servi

114 1686 179 1735 Octo.
188 1686 262 1727 decem
272 1687 374 1739 comites,
383 1703 412 1731 au
421 1700 469 1745 post
479 1699 499 1731 te
508 1690 569 1737 sella,
581 1692 646 1745 togati

116 1761 170 1802 Ante
179 1759 249 1813 pedes.
259 1760 308 1801 ldeo
318 1762 425 1803 conducta
434 1762 512 1804 Paulus
521 1763 597 1817 agebat

115 1830 262 1886 Sardonyche,
272 1842 336 1888 atque
345 1833 393 1875 ideo
403 1833 470 1889 pluris
479 1847 546 1888 qnam
555 1833 627 1876 Gallus
635 1835 723 1890 agebat,

116 1906 186 1963 Quam
197 1904 281 1947 Basilus.
291 1909 345 1949 Rara
354 1907 377 1948 in
387 1908 447 1949 tenui
457 1907 557 1949 facundia
566 1922 645 1963 panno.

117 1978 209 2034 Quando
218 1978 267 2021 licet
276 1980 343 2021 Basilo
352 1980 439 2022 flentem
449 1967 567 2035 producere
577 1986 682 2023 matrem?

119 2050 171 2106 Quis
181 2050 349 2092 benedicentem
359 2050 452 2092 Basilum
462 2050 528 2092 ferat?
537 2052 630 2108 Accipiat
639 2062 660 2096 te

119 2122 197 2173 Gallia,
207 2124 239 2164 vel
248 2125 320 2179 potius
330 2122 437 2165 nutricula
446 2124 604 2167 causidicorum

117 2192 198 2246 Africa,
208 2194 226 2237 si
235 2194 316 2250 placuit
324 2195 445 2237 mercedem
454 2209 533 2251 ponere
542 2196 626 2255 lingue.

786 289 788 374 l

779 379 788 430 l

783 653 788 696 l
