1584 2642
104 239 145 278 108
285 242 308 281 Ι).
325 242 345 281 J.
360 240 554 282 JUVENALIS
655 259 675 284 v.
691 249 735 288 150.
790 271 791 324 1

102 325 183 366 Rursus
192 327 219 367 ad
229 327 350 382 Ethiopum
358 326 450 382 populos
459 327 554 383 aliosque
563 329 690 384 elephantos

102 396 193 438 Additur
201 397 295 454 imperiis
304 399 414 454 Hispania3
424 402 548 456 Pyrenaeum

103 468 216 511 Transilit:
224 470 325 524 opposuit
333 479 411 512 natura
420 470 537 526 Alpemque
546 473 673 528 nivemque;

102 537 187 600 Didneit
195 540 305 596 scopulos,
315 550 336 582 et
345 551 443 584 montem
454 543 536 598 rumpit
544 553 611 586 aceto.

103 609 151 650 Jam
161 619 218 654 tenet
227 612 324 665 ltaliam,
333 624 407 657 tamen
416 615 472 658 ultra
481 629 567 672 pergere
577 618 658 660 tendit:

101 684 191 737 actum,
199 687 281 742 inquit,
290 689 344 730 nihil
353 699 395 740 est,
405 690 447 731 nisi
454 693 517 732 Poeno
527 691 595 733 milite
604 703 678 746 portas

102 757 238 813 angimm,
249 770 270 803 et
279 763 350 804 media
358 762 460 804 vexillum
469 777 526 818 pono
536 765 639 807 Saburra.

101 831 119 871 0
128 831 197 884 qualis
207 832 283 885 facies,
292 844 314 876 et
323 834 381 890 quali
390 835 455 890 digna
466 834 555 886 tabella,

101 905 175 960 Quum
184 908 265 950 Gaetna
272 909 350 951 ducem
359 919 454 965 portaret
463 908 534 951 bellua
542 908 638 953 luscum!

98 977 174 1018 -Exitus
183 992 233 1033 ergo
242 981 290 1035 quis
300 988 345 1023 est?
354 985 371 1024 0
380 982 458 1037 gloria!
469 983 561 1025 vincitur
570 983 628 1026 idern

102 1050 196 1104 Nempe,
205 1061 227 1092 et
235 1052 258 1092 in
268 1053 355 1094 exilium
365 1068 457 1110 praeceps
466 1055 532 1110 fugit,
542 1066 606 1111 atque
615 1058 645 1099 ibi
655 1073 750 1116 magnus¹

102 1118 254 1174 Mirandnsque
262 1123 327 1164 cliens
336 1125 395 1166 sedet
404 1127 432 1166 ad
440 1127 538 1180 praetoria
548 1127 612 1184 regis,

101 1190 172 1230 Donec
180 1191 271 1247 Bithyno
280 1192 345 1234 libeat
354 1193 439 1248 vigilard
449 1207 546 1252 tyranno.

102 1263 175 1304 Finem
185 1264 263 1306 animae
271 1279 319 1319 quae
328 1279 361 1308 res
370 1267 477 1312 humanas
487 1272 573 1316 miscuit
582 1274 646 1326 olim,

102 1339 151 1378 Non
160 1337 235 1391 gladii,
244 1351 289 1379 non
297 1341 450 1394 mandabunt,
460 1357 504 1386 non
514 1346 566 1399 tela,
576 1349 612 1390 sed
620 1349 655 1392 ille

102 1413 225 1453 Cannarum
235 1411 322 1463 vindex,
332 1423 353 1455 et
362 1415 416 1457 tanti
426 1418 535 1473 sanguinis
546 1420 602 1464 ultor

101 1483 205 1526 Ananim.
214 1486 235 1535 Ι,
244 1486 342 1538 demens,
351 1497 373 1530 et
381 1501 446 1532 saeras
455 1505 516 1534 curre
525 1508 563 1549 per
571 1495 645 1552 Alpes,

102 1561 128 1600 Ut
137 1558 208 1613 pneris
217 1561 310 1615 placeas,
320 1571 341 1604 et
350 1562 478 1608 declamatio
488 1566 536 1609 fias!

788 961 791 1000 i

101 1706 159 1747 Unus
168 1704 241 1747 rellaeo
247 1706 323 1762 juveni
335 1723 379 1752 non
388 1711 470 1754 sufficit
479 1713 535 1756 orbis
544 1730 549 1754 :

100 1781 181 1819 AEstraat
189 1777 262 1821 infelix
272 1794 362 1837 angusto
371 1783 440 1827 limite
450 1787 540 1838 mundi,

99 1853 127 1892 Ut
135 1853 207 1906 Gyara
216 1853 300 1895 clausus
308 1855 411 1910 scopulis,
421 1871 528 1913 parvaque
537 1860 631 1916 Seripho.

99 1923 172 1979 Quum
182 1933 254 1966 tamen
263 1917 357 1982 adgufis
367 1929 474 1970 munitam
484 1930 595 1973 intraverit
604 1934 693 1990 urbem,

98 1994 232 2049 sarcophago
242 2007 355 2039 contentus
364 1999 410 2040 erit.
421 2001 477 2040 Mors
487 2001 531 2043 sola
541 2002 630 2054 fatetur,

99 2068 207 2124 Quantula
216 2069 258 2112 sint
266 2071 381 2112 hominum
391 2075 523 2127 corpuscula.
533 2077 631 2120 Creditur
639 2080 693 2124 oiirn
785 2091 791 2139 t

99 2139 221 2182 §letificatus
229 2142 306 2194 athos,
316 2151 337 2184 et
345 2144 450 2199 quidquid
458 2148 536 2190 Graecia
545 2150 636 2194 mendax
