1584 2642
119 217 162 246 noa
359 197 506 242 Aptasti
702 216 727 244 v.
742 216 768 252 tp

120 288 221 332 Producis
230 289 298 344 genio.
308 287 361 330 Solis
369 287 488 336 natalibus,
498 286 577 340 estqui
604 323 607 326 .

120 366 197 422 Tingat
205 363 253 405 olus
260 363 342 405 siccum
352 362 423 404 muria
432 360 491 403 vafer
500 361 522 402 in
532 359 598 402 calice
608 371 692 416 empta
698 396 707 414 ,

120 440 166 493 Ipse
175 450 261 479 sacrum
270 437 367 477 inrorans
376 435 453 490 patinae
463 434 533 489 piper:
545 433 580 474 iric
591 434 653 474 bona
664 435 741 477 dente

100 506 104 513 ’
119 508 213 550 Grandia
222 507 373 562 magnanimus
382 505 463 562 peragit
472 518 532 561 puer.
541 506 593 546 Utar
601 517 658 560 ego,
669 517 739 556 utar,

119 583 164 623 Nec
174 582 276 622 rhombos
285 581 333 622 ideo
342 579 423 622 iibertis
433 592 510 635 ponere
520 578 603 627 lautus,

120 654 165 694 Nec
175 662 262 696 tenuem
271 652 336 694 solers
346 652 459 694 turdarum
468 663 530 692 nosse
538 649 637 692 saiivam.

120 729 186 770 Messe
195 737 258 769 tenus
267 725 352 782 propria
361 726 420 767 vive:
430 735 452 767 et
461 724 559 780 granaria
568 723 615 779 (fas
626 722 674 779 est)

118 799 200 840 Emole.
209 799 264 856 Quid
275 802 370 840 metuas?
379 809 430 838 occa
438 812 443 837 :
452 805 473 838 et
481 809 539 850 seges
548 795 616 837 alteru
627 796 652 837 in
662 796 741 837 herba
754 809 784 837 est

118 875 155 915 Ast
165 883 226 915 vocat
234 871 346 915 officium:
356 871 416 913 trabe
425 880 500 924 rupta,
509 869 590 911 Bruttia
599 882 653 910 saxa

117 946 204 988 Prendit
213 945 296 989 amicus
304 945 379 1000 inops:
389 957 478 999 remque
488 956 587 993 omnem,
596 943 716 998 surdaque
729 953 784 985 rota

118 1017 219 1060 Condidit
227 1018 288 1060 ionio
295 1034 300 1058 :
307 1015 366 1072 jacet
373 1015 419 1072 ipse
427 1014 450 1056 in
460 1007 542 1065 littore,
551 1023 572 1056 et
580 1027 628 1055 una

119 1093 217 1145 ingentes
225 1092 252 1133 de
260 1104 332 1147 puppe
340 1090 376 1132 Dei
384 1107 389 1130 :
395 1089 487 1145 jamque
497 1088 560 1130 obvia
569 1087 652 1142 mergis

117 1164 181 1204 Costa
191 1162 242 1204 ratis
250 1162 330 1204 iecere.
340 1163 404 1202 Nunc
414 1170 434 1203 et
443 1161 469 1202 de
478 1159 556 1216 cespite
564 1159 611 1201 vivo

117 1239 199 1291 Frange
207 1235 288 1291 aliquid
296 1251 301 1275 :
311 1234 388 1290 iargire
396 1235 468 1291 inopi,
477 1248 504 1276 nc
512 1234 582 1289 pictus
592 1234 681 1276 oberret

116 1309 210 1352 Camiea
218 1308 241 1351 in
252 1308 331 1350 tabula.
341 1308 381 1350 Sed
389 1323 473 1351 coeuam
482 1307 573 1358 funeris,
584 1307 648 1348 heres

117 1381 213 1438 Negiipet
221 1381 299 1429 iratus,
308 1380 367 1435 quod
376 1393 423 1422 rem
432 1379 559 1423 curtaveris:
569 1391 630 1420 urnae

116 1458 167 1499 Ossa
176 1455 266 1497 inodora
274 1451 344 1504 dabie
353 1467 392 1495 seu
401 1453 482 1509 spirent
491 1453 592 1496 cinnama
600 1453 715 1505 surdum,

117 1531 158 1572 Seu
167 1541 239 1571 cereso
248 1536 335 1584 peccent
343 1526 417 1579 casiae,
426 1527 507 1570 nescire
516 1535 609 1582 paratus.

115 1607 133 1647 T
134 1618 177 1646 une
186 1604 243 1646 bona
251 1601 366 1645 incolumis
374 1601 472 1644 minuas!
482 1601 521 1643 Sed
529 1600 609 1644 Bestius
618 1609 684 1656 urget

116 1681 216 1720 Doctores
225 1678 304 1720 Graios
314 1680 345 1720 Ita
354 1676 390 1727 iit,
399 1686 514 1732 postquam
524 1688 596 1730 sapere
605 1674 657 1716 urbi

115 1753 172 1793 Cum
179 1751 262 1806 pipere,
271 1760 292 1793 et
299 1750 376 1806 palmis
383 1748 441 1792 venit
448 1758 546 1792 nostrum
554 1749 606 1800 hoc,
615 1747 685 1790 maris
694 1762 778 1806 expers

115 1827 131 1868 F
132 1825 225 1868 oenisecae
235 1837 305 1866 crasso
314 1824 416 1866 vitiarunt
426 1823 520 1879 unguine
529 1822 605 1878 pultes.

117 1900 163 1940 flaec
173 1897 243 1939 cinere
251 1895 347 1948 ulterior,
356 1901 452 1938 metuas?
460 1906 483 1937 at
493 1905 527 1946 tu,
537 1908 598 1936 meus
607 1894 670 1936 heres

117 1971 217 2029 Quisquis
226 1970 277 2018 eris,
286 1970 388 2026 paulum,
398 1985 411 2013 a
420 1971 482 2014 turba
491 1969 605 2019 seductior,
614 1968 675 2011 sudi.

116 2046 133 2086 0
143 2045 210 2094 bone,
219 2054 273 2085 num
283 2044 380 2099 ignoras?
388 2044 453 2086 missa
462 2053 494 2086 est
502 2057 514 2085 u
523 2046 602 2086 Curare
611 2041 688 2084 laurus

116 2117 222 2172 lusignem
232 2117 260 2157 ob
269 2115 351 2158 cladem
361 2119 470 2160 Germana
479 2117 554 2172 pubis,
563 2125 585 2158 et
593 2115 635 2158 tris

116 2185 211 2240 Frigidus
220 2186 327 2234 excutitur
334 2188 400 2230 cinis:
410 2202 434 2230 ac
439 2187 488 2244 jam
497 2187 594 2244 postibus
603 2199 677 2242 arma,
