1584 2642
124 227 164 266 150
302 220 325 262 tt
343 219 362 260 J.
379 217 571 261 tuvtrtttls
674 231 750 261 stae.
785 209 786 212 ยน

122 311 178 352 Cum
187 306 246 350 lituis
255 306 339 357 audita,
349 319 410 362 pares
419 305 477 361 quod
486 305 576 349 vendere
587 305 656 360 possis

122 381 190 425 Pluris
198 381 298 431 dimidio,
307 393 347 422 nec
356 390 376 422 te
386 379 472 422 fastidia
481 379 557 421 mercis

122 456 190 498 Ullius
198 455 289 497 subeant
298 453 419 508 ablegandae
428 453 522 495 Tiberim
532 450 599 503 ulam

124 529 172 569 Neu
181 527 253 567 credas
262 525 388 581 ponendum
397 523 479 579 aliquid
489 523 617 566 discriminis
626 524 684 567 inter

124 601 236 654 Unguenta
245 608 267 640 et
275 597 366 640 corium.
375 596 437 639 Lucri
447 598 517 640 bonus
526 606 557 639 est
567 596 621 638 odor
629 610 656 639 ex
666 611 688 639 re

125 671 232 729 Qualibet
241 671 279 714 Illa
289 682 328 714 tuo
336 671 442 714 sententia
451 684 535 725 semper
544 670 566 711 in
574 683 612 711 ore

125 746 238 795 Versetur,
247 745 280 786 dis
289 755 353 799 atque
362 744 408 799 ipso
417 745 467 784 Jove
476 742 553 797 digna,
563 751 630 797 poete
639 755 645 780 :

125 819 188 862 Uenu
196 830 278 859 staats
287 829 371 867 Qunam
380 827 452 865 aeuo,
462 827 499 855 sta
509 826 604 855 accirer
614 825 708 857 satur.

126 893 170 935 Hoc
179 898 301 933 monstrant
310 887 384 931 vetate
393 886 465 942 pueris
474 885 609 942 poscentibus
618 900 702 939 assem3

127 965 170 1005 lloc
180 963 268 1004 discum
274 974 351 1004 omnes
357 970 407 1001 ante
416 957 480 1013 alpha
488 967 510 1000 et
518 957 569 1000 beta
576 956 660 1013 puettae.

129 1110 224 1151 Tinctus
230 1109 346 1150 instantem
355 1107 453 1158 monitis,
463 1120 623 1162 quemcumque
632 1115 748 1163 parentem

130 1181 163 1224 sic
173 1193 257 1236 possem
266 1180 341 1222 affari:
350 1180 399 1231 Dic,
408 1194 421 1221 o
432 1181 546 1222 vanissime
554 1182 559 1222 แผ
567 1181 615 1236 quis
625 1191 645 1223 te

129 1242 236 1298 festinare
242 1253 318 1309 jubeat
327 1253 438 1296 meliorem
447 1263 523 1309 presto
533 1254 636 1310 magistro

128 1325 268 1381 Discipulurn.
278 1326 368 1366 Securus
377 1324 425 1366 abi:
436 1325 535 1376 vincesis,
546 1336 570 1368 ut
578 1325 630 1381 tjax

130 1398 388 1448 interiistetamonem
398 1407 424 1441 ut
432 1398 491 1440 Pelea
500 1399 551 1442 vicit
559 1399 655 1443 Achilles.

131 1473 263 1515 Parcendum
272 1481 304 1513 est
312 1471 402 1515 teneris:
412 1472 511 1513 nondum
520 1472 636 1528 implevere
645 1473 756 1522 medullas

132 1544 213 1586 ttaavae
221 1543 279 1585 mala
288 1542 387 1599 nequitie
396 1560 402 1584 .-
412 1556 481 1598 quum
491 1553 574 1599 pectere
583 1546 676 1588 barbam

132 1615 234 1672 Coeperit,
243 1626 266 1662 et
273 1615 331 1671 longi
340 1629 468 1657 mucronem
478 1615 590 1658 admittere
600 1617 676 1671 cultri,

132 1689 206 1732 rusus
214 1690 254 1734 erit
264 1691 331 1741 testis,
340 1691 418 1732 vendet
427 1689 521 1746 peq'uria
530 1705 618 1733 summa

132 1765 223 1819 Exigua.
232 1765 312 1807 Cereris
321 1774 408 1820 tangens
417 1777 519 1818 aramque
528 1765 654 1820 pedemque.

134 1839 217 1886 Eiatam
223 1837 271 1894 jam
280 1840 341 1881 crede
350 1852 443 1889 numm,
453 1838 471 1879 si
479 1837 554 1880 limina
564 1848 632 1881 vestra

134 1911 244 1954 Mortifera
252 1927 303 1954 cum
313 1914 362 1955 dote
370 1913 435 1954 subit.
444 1911 527 1968 Quibus
535 1911 571 1953 ilia
581 1921 693 1968 premetur

134 1985 284 2026 Personarum
293 1984 374 2038 digitis!
384 1986 440 2025 Nam
449 1996 496 2038 que
506 1993 603 2039 terraque
613 1983 720 2041 madelue.

136 2055 269 2108 thuirenda
278 2065 351 2109 putas,
361 2054 445 2096 brevior
454 2055 488 2096 via
496 2055 591 2097 conferet
599 2055 630 2096 illi
639 2072 644 2097 :

137 2123 215 2167 Nullus
223 2125 282 2168 enim
291 2125 363 2182 magni
372 2125 455 2168 sceleris
463 2125 530 2169 labor.
540 2128 587 2170 Haec
596 2141 637 2186 ega
643 2142 761 2188 nuaqamm
