1584 2642
34 284 55 309 u.
68 272 118 311 fsto.
265 270 386 311 sama
404 270 446 312 Vl.

37 359 87 401 lude
96 357 166 400 animi
176 356 254 411 caligo,
264 366 285 400 et
295 372 373 413 magua
383 359 463 401 oblivio
472 372 545 401 rerum

38 432 94 486 Quas
104 430 172 470 modo
180 429 266 484 gessisti.
276 432 358 471 Tamen
368 431 410 471 hoc
418 430 539 481 tolerabile,
549 432 567 472 si
577 445 621 474 uon

39 505 63 545 Et
73 503 145 544 ‘urere
154 502 255 555 incipias,
265 512 289 544 ut
299 502 418 545 avunculus
428 503 463 544 ille
473 504 575 555 Neronis,

39 578 75 618 Cui
87 586 155 619 totam
168 575 253 617 tremuli
263 575 357 617 lroutem
366 577 461 619 emonis
469 578 523 631 pulli

39 650 127 692 infudit.
137 650 190 705 Qua
200 662 243 690 non
255 648 329 700 faciet,
338 651 397 705 quod
406 651 508 706 principis
517 658 583 694 uxori

40 722 147 763 Ardebant
156 730 245 771 cuncta,
255 731 287 769 et.
297 720 366 763 fracta
376 736 490 778 compage,
497 724 593 765 ruebant

40 796 87 835 Non
96 793 166 841 aliter,
176 806 242 847 quam
252 794 268 833 si
279 793 361 835 fecisset
370 797 427 836 luno
437 794 541 837 maritum

41 869 150 909 insanum.
163 866 233 907 lllinus
242 880 292 921 ergo
302 880 381 908 nocens
390 867 431 907 erit
439 866 558 921 Agrippina

40 938 137 980 Boletust
146 936 254 991 siquidem
264 938 328 979 unius
338 937 454 993 praecordia
464 936 539 991 pressit

11 1000 12 1033 ³
42 1011 75 1052 llle
84 1010 152 1059 senis,
164 1008 326 1063 tremulumque
336 1018 402 1064 caput
410 1009 537 1051 descendere
542 1008 608 1064 jussit

42 1087 64 1125 ln
74 1084 165 1133 coelum,
175 1093 197 1125 et
206 1082 292 1137 longam
303 1084 414 1125 manantia
423 1083 484 1125 labra
492 1083 588 1126 saliuam.

11 1146 13 1161 '
43 1157 87 1197 flac
96 1156 166 1211 poscit
176 1153 259 1195 ferrum
268 1164 332 1210 atque
341 1154 411 1209 ignes,
420 1155 465 1196 hac
474 1155 533 1211 potio
543 1165 640 1211 torquet:

44 1231 88 1271 llaec
97 1229 178 1271 lacerat
187 1228 263 1270 mistos
271 1228 371 1282 equitum
381 1242 433 1270 curn
442 1230 545 1285 sauguine
554 1241 631 1285 patres.

43 1304 102 1346 lauti
112 1313 188 1359 partus
197 1304 267 1357 equae!
279 1302 332 1345 tanti
343 1316 386 1344 una
395 1304 490 1346 venefica
497 1305 592 1346 constat!

11 1386 13 1473 i
43 1436 146 1490 oinium
156 1457 218 1489 natos
228 1448 253 1488 de
263 1446 349 1502 pellice:
360 1460 425 1489 nemo
435 1459 549 1504 repugnet,

44 1523 113 1564 Nemo
123 1531 189 1571 vetet;
197 1521 245 1576 jam
252 1520 300 1576 jam
309 1521 433 1577 privignum
442 1523 537 1564 occidere
546 1521 579 1564 tas
588 1532 625 1565 est.

45 1597 85 1637 Vos
95 1609 145 1651 ego,
155 1594 242 1651 pupilli,
253 1607 342 1643 moneo,
352 1596 431 1650 quibus
441 1596 534 1651 amplior
542 1605 574 1638 cst
583 1610 626 1647 res,

45 1669 153 1712 Custodite
162 1669 256 1717 animas,
266 1677 287 1709 et
296 1668 350 1711 nulli
359 1669 438 1710 credite
447 1682 537 1719 meum

46 1742 115 1783 Livida
125 1750 224 1783 materno
234 1739 316 1783 fervent
324 1742 411 1797 adipata
420 1754 508 1783 veneno.

12 1846 14 1891 l
48 1817 140 1857 Mordeat
151 1824 200 1856 ante
209 1814 296 1869 aliquis,
306 1814 411 1870 quidquid
420 1813 537 1869 porrexerit
545 1814 581 1857 illa

12 1918 13 1933 2
47 1890 96 1945 Quae
104 1887 199 1943 peperit:
211 1887 298 1929 timidus
306 1896 420 1949 praguspet
429 1885 506 1941 poeula
514 1898 601 1942 pappos.

12 2072 15 2103 t
49 2035 152 2076 irrorans
162 2033 218 2083 hac,
228 2033 296 2074 altum
306 2033 370 2074 satira
379 2040 478 2073 sumente
486 2029 618 2073 cothurnum

50 2105 139 2156 Scilicet;
149 2114 170 2147 et
179 2104 245 2146 finem
255 2104 331 2161 egressi
341 2104 452 2159 legemque
461 2102 569 2157 priorum,

51 2178 129 2219 Grande
139 2176 257 2232 Sophocleo
267 2189 353 2217 carmen
362 2175 495 2216 bacchamur
503 2173 575 2224 hiatu,

52 2248 156 2291 Montibus
166 2247 266 2305 ignotum
275 2245 370 2297 Rutulis,
379 2245 474 2299 coeloquc
482 2243 557 2285 latino.
