1584 2642
132 244 159 297 54
310 245 333 285 Β.
351 246 368 285 J.
385 245 577 287 JUVENALIS
676 260 700 287 v.
718 248 766 288 126.
788 297 789 300 Ἴ

130 334 156 375 Et
165 334 263 389 resupina
269 331 342 388 jacens
354 334 400 376 rnul
404 344 474 377 torum
485 337 597 379 absorbuit
605 338 667 380 ictus.

130 407 190 455 lllor,
200 404 276 445 lenone
285 419 334 447 suas
339 404 387 461 jam
398 406 518 450 dimittente
527 409 620 463 puellas,

129 477 203 519 Tristis
212 478 267 529 abit;
277 488 308 530 et,
318 481 376 533 quod
385 481 467 535 potuit,
477 491 549 524 tamen
560 482 635 525 ultimo
644 482 728 525 cellam
788 517 789 524 ,

129 550 219 603 Clausit,
228 553 298 594 adhuc
307 555 382 596 ardens
391 555 463 612 rigidae
472 556 573 612 tentigine
582 556 659 609 vulve,

130 626 155 667 Et
164 625 241 669 lassata
249 627 310 678 viris,
320 631 421 672 necdum
431 630 506 673 satiata
516 631 606 673 recessit.

130 698 271 755 obscurisque
281 702 339 756 genis
348 704 426 759 turpis,
437 703 541 758 fumoque
550 703 641 746 lucemae

130 771 192 813 Foeda
201 773 310 829 lupanaris
319 774 368 818 tulit
376 776 404 817 ad
413 775 511 830 pulvinar
520 777 614 817 odorem.

132 920 270 965 llrntorrtnns
279 938 409 979 carmenque
418 924 505 979 loquar?
515 935 644 980 coctumque
653 940 775 979 venenum,
788 917 789 942 i

132 994 272 1049 privignoque
281 999 368 1039 datum!
378 999 467 1039 Faciunt
475 999 570 1053 graviora
580 1008 657 1041 coactae

131 1065 305 1119 Imperiosum,
315 1068 475 1122 minimumque
484 1070 571 1112 libidine
580 1081 674 1125 peccant.

161 1139 247 1192 Optima
255 1140 292 1181 sed
300 1154 366 1193 quere
375 1142 487 1189 Cesennia.
498 1152 550 1184 teste
559 1146 649 1189 marito?

131 1208 165 1251 Bis
173 1209 289 1263 quingenta
298 1211 430 1260 dedit;‚tanti
440 1221 500 1253 vocet
508 1212 543 1252 ille
552 1216 667 1268 pudicam:

132 1283 177 1324 Nec
186 1282 290 1337 pllnretris
299 1284 386 1324 Veneris
397 1298 469 1325 macer
477 1294 519 1336 est,
529 1297 567 1340 ant
576 1287 674 1345 lampade
684 1292 761 1346 fervet,

133 1354 184 1395 Inde
194 1353 249 1395 faces
259 1354 344 1404 ardent,
354 1355 442 1397 veniunt
451 1370 464 1397 a
472 1357 522 1399 dote
531 1359 617 1415 sagittae.

133 1423 227 1466 Libertas
236 1424 328 1465 emitur:
338 1439 411 1467 coram
421 1426 469 1470 licet
478 1428 626 1488 inmutatque

134 1497 254 1549 llescn'hat3
264 1498 328 1540 vidua
337 1510 377 1551 est,
388 1500 481 1557 locuples
490 1518 538 1559 quoe
547 1508 620 1564 nupsit
629 1522 698 1553 avaro.

784 1252 790 1280 l

132 1643 177 1684 con
187 1642 290 1685 desiderio
299 1644 377 1689 Bibule
385 1650 490 1693 Sertorius
499 1653 571 1696 ardet?

133 1714 154 1757 si
164 1729 239 1757 verum
249 1718 352 1767 excutias,
362 1720 437 1771 facies,
445 1737 490 1766 non
500 1739 554 1767 uxor
561 1736 654 1769 amatur.

136 1790 187 1830 Tres
196 1802 252 1844 tugae
262 1792 362 1841 subeam,
372 1805 424 1838 etse
433 1798 488 1840 eutis
497 1799 556 1841 arida
565 1800 631 1851 laxet,

137 1863 200 1905 Fiant
208 1865 293 1907 obscuri
302 1868 386 1920 dentes,
396 1872 495 1927 oculique
504 1873 608 1916 minores:

135 1935 214 1991 Collige
222 1939 348 1991 sarcinulas,
358 1942 414 1985 dicet
422 1943 522 1992 libertus,
531 1955 553 1986 et
561 1948 605 1996 exi;

135 2008 182 2050 Jam
193 2010 260 2065 gravis
270 2025 291 2053 es
300 2014 373 2063 nobis,
383 2024 404 2056 et
414 2028 468 2069 saepe
477 2019 608 2075 emungeris;
618 2021 650 2061 eri

136 2082 209 2131 Ocius,
218 2093 239 2126 et
248 2098 348 2141 propera3
358 2087 414 2129 sicco
424 2089 482 2131 venit
490 2090 556 2133 altera
565 2107 624 2135 naso.

136 2154 219 2195 Interea
228 2154 281 2197 calet
290 2166 311 2197 et
321 2167 404 2211 regnat,
414 2160 523 2216 poscitque
532 2164 637 2207 maritum

137 2226 242 2277 Pastores,
252 2236 273 2269 et
281 2242 343 2271 ovem
351 2230 493 2288 Canusinam,
503 2236 616 2293 ulmosque
625 2238 728 2287 Falernas
