1584 2642
585 3 626 19 ”
696 3 791 127 W

102 260 141 299 nt
279 261 547 307 n.l.JthtttaL18

98 427 730 459 mvmvwvmmmmmwb
786 408 789 430 i

296 558 447 611 sartan
465 562 532 613 ΧΗ.

191 737 194 740 ’
270 718 415 763 carum
431 721 582 764 RElll'l'US.

101 865 306 918 Naran1‚Gorvine,
315 868 349 910 die
359 868 412 910 mihi
421 867 505 910 dulcior
515 868 559 911 haec
570 869 617 919 lux,

101 940 149 994 Qua
160 941 227 984 festus
236 943 342 997 promissa
350 944 395 986 deis
404 943 505 986 animalia
513 958 584 1000 cespes

101 1013 221 1067 Exspectat:
234 1014 319 1056 niveam
328 1015 405 1070 reginae
414 1015 513 1058 ducimus
522 1029 612 1070 agnam

101 1084 141 1123 Par
149 1082 215 1124 vellus
224 1083 311 1125 dabitur
319 1086 423 1140 pugnanti
433 1088 529 1142 Gorgone
539 1089 620 1133 Maura.

101 1156 141 1197 Sed
150 1155 225 1210 procul
235 1167 346 1198 extensum
355 1157 454 1212 petulans
463 1159 532 1214 quatit
541 1159 611 1204 hostia
619 1158 711 1214 funem,

101 1230 191 1285 Tarpeio
200 1238 280 1271 servata
289 1229 346 1279 tovi,
356 1229 493 1287 frontemque
502 1244 612 1277 coruscat:

101 1305 185 1361 Quippe
195 1301 353 1353 temnimus,
363 1304 448 1359 templis
459 1317 648 1361 mammetem,

102 1378 277 1433 Spargendueque
287 1390 357 1426 mero,
367 1392 432 1432 quem
438 1379 487 1435 jam
496 1382 562 1436 pudet
571 1383 638 1426 ubera
648 1386 725 1428 matris

102 1452 193 1502 Ducem
202 1450 240 1505 qui
249 1460 310 1492 vexat
318 1451 414 1493 nascenti
423 1453 500 1494 robora
510 1467 584 1496 cornu.

103 1597 124 1637 St
135 1607 167 1637 res
176 1592 247 1649 ampla
257 1593 316 1639 domi
325 1594 443 1650 similisque
452 1594 566 1639 affectibus
576 1609 639 1650 esset,

103 1669 203 1725 Pinguicr
211 1668 305 1724 Hispulla
314 1669 434 1712 traheretur
444 1679 529 1722 nurus,
539 1673 615 1728 etipsa

103 1740 159 1782 llole
168 1740 233 1795 piger,
243 1753 282 1783 nec
291 1740 384 1784 finitima
393 1741 487 1784 nutritus
496 1741 518 1784 in
528 1743 605 1794 herba;

102 1817 158 1858 leta
166 1816 203 1858 sed
213 1817 324 1858 ostendens
333 1816 436 1859 Clitumni
445 1830 524 1872 pascua
533 1816 619 1874 sanguis

104 1893 157 1940 Iret,
166 1901 188 1934 et
197 1905 210 1932 a
219 1891 293 1946 grandi
302 1891 371 1933 cervix
381 1891 476 1934 ferienda
483 1891 594 1945 ministro,

103 1963 135 2005 Ob
145 1963 238 2006 reditum
247 1963 370 2023 trepidaptis
380 1963 461 2013 adhue,
471 1962 619 2020 horrendaque
626 1968 685 2022 patei

103 2033 189 2088 Nuper,
197 2044 219 2076 et
227 2034 358 2076 incolumem
367 2047 412 2074 eese
421 2033 530 2086 mirantis,
540 2035 611 2078 amici.

103 2104 162 2145 Nam
171 2114 247 2159 preter
255 2104 324 2160 pelagi
332 2117 405 2153 casus,
415 2113 436 2144 et
445 2103 535 2160 fulguris
545 2106 613 2149 icturn

103 2176 175 2227 Evasi,
184 2178 253 2218 deneae
262 2175 339 2218 coelum
349 2177 478 2218 abscondere
488 2179 578 2221 tenebre

105 2249 169 2292 Nube
178 2263 232 2299 une,
242 2249 368 2303 subitusque
381 2259 484 2292 antennas
494 2251 581 2306 impulit
590 2252 654 2308 ignis,
