1584 2642
14 307 32 334 v.
45 297 115 349 509..
237 294 357 337 slrlltl
374 294 417 337 Vl.
614 297 644 353 bg

14 381 102 425 Bellonae
111 381 229 437 matrisque
238 382 303 424 deum
313 383 391 425 chorus
401 383 478 433 intrat,
487 393 509 425 et
516 383 590 439 ingens

14 454 110 504 Semivir,
120 454 221 496 obscoeno
231 453 295 497 facies
305 456 419 497 reverenda
427 455 517 506 minori,

16 526 87 568 Mollis
96 526 135 581 qui
146 537 209 581 rupta
219 526 286 568 secuit
294 526 392 582 genitalia
404 536 456 569 testu

16 601 62 641 lam
72 598 169 653 pridem,
179 598 213 639 cui
224 612 288 639 rauca
297 598 384 649 cohors,
394 599 429 640 cui
440 610 542 655 tympano
551 601 630 643 cedunt

18 671 110 721 trebeta,
119 680 142 713 et
150 670 240 727 Phrygia
249 671 338 713 vestitur
346 671 415 713 bucce
424 672 490 713 tiara:

18 746 99 786 Grande
109 754 182 793 sonat,
193 745 303 799 metuique
309 744 373 800 jubet
381 745 507 800 septembris
516 755 539 788 et
546 746 613 789 austri

18 820 149 868 Adventum,
158 818 199 859 nisi
209 832 230 861 se
240 829 327 861 centurn
336 819 458 861 lustraverit
466 818 522 870 ovis,

18 894 39 934 Et
48 891 204 947 xerampelinas
213 903 291 935 veteres
301 892 412 935 donaverit
421 892 471 946 ipss,

18 964 42 1006 Ut
50 964 157 1019 quidquid
166 964 233 1006 subiti
242 973 263 1005 et
272 964 344 1019 magni
354 962 483 1005 discriminis
492 963 568 1015 instet,

18 1038 40 1077 ln
50 1037 133 1080 tunicas
143 1046 188 1087 est,
199 1047 220 1079 et
230 1046 300 1080 totum
310 1036 375 1079 semel
384 1036 454 1092 expiet
462 1050 552 1079 annum.

19 1109 135 1151 Hibernum
145 1108 213 1150 tracta
220 1108 285 1163 glaeie
294 1109 407 1151 descendet
415 1108 438 1149 in
447 1122 545 1160 amnem,

20 1182 57 1222 Ter
63 1182 174 1224 matutino
183 1181 255 1223 Tiberi
263 1191 378 1237 mergetur.
388 1191 409 1223 et
418 1181 468 1237 ipsis

21 1253 140 1297 Vorticibus
150 1254 252 1297 timidum
262 1264 327 1309 caput
335 1254 420 1297 abluet:
430 1255 479 1297 inde
489 1256 578 1311 Superbi

21 1328 95 1369 Totum
106 1327 160 1382 regis
170 1339 258 1382 agrum,
267 1328 325 1369 nuda
335 1340 359 1369 ec
369 1328 510 1370 tremebunde
519 1326 611 1370 cruentis

20 1401 91 1455 Erepet
99 1399 190 1455 genibus
199 1416 203 1439 :
213 1400 230 1440 si
240 1400 331 1441 candida
337 1398 425 1455 jusserit
434 1402 467 1450 lo,

20 1474 56 1516 lbit
66 1474 95 1515 ad
104 1473 185 1530 Egypti
195 1473 272 1521 linem,
282 1472 402 1529 calidusque
412 1474 487 1529 petitus

20 1550 32 1588 l
42 1550 113 1590 Meroe
123 1548 218 1603 portabit
227 1561 303 1602 equus,
314 1557 338 1590 ut
346 1558 430 1604 spargat
439 1548 462 1590 in
470 1550 515 1591 ede

20 1620 88 1669 isidis,
99 1620 189 1673 antiquo
198 1632 246 1674 quoe
255 1620 353 1675 proxima
361 1621 430 1675 surgit
438 1620 499 1671 osili;

10 1708 11 1713 ¹
20 1692 88 1733 Credit
97 1690 157 1733 enirn
166 1690 232 1745 ipsius
242 1690 334 1733 dominae
343 1706 365 1733 se
374 1706 425 1734 voce
435 1692 525 1734 moneri.

21 1766 46 1806 ln
56 1766 155 1807 animem
165 1774 186 1806 et
195 1775 300 1814 mentem,
309 1780 360 1807 curn
370 1780 414 1821 qun
424 1768 446 1807 di
455 1776 517 1807 nocte
527 1765 652 1822 loquantur!

21 1838 70 1892 Ergo
80 1837 116 1879 lric
126 1838 258 1892 precipuum
267 1850 423 1892 summumque
432 1846 527 1887 meretur
535 1838 650 1889 honorem,

20 1910 57 1964 Qui
67 1924 130 1965 grege
141 1910 229 1965 linigero
238 1910 383 1953 circumdatus
391 1919 413 1950 et
421 1922 482 1964 grege
491 1909 561 1962 calvo,

21 1982 138 2037 pangentis
147 1982 221 2037 populi
231 1983 297 2024 currit
306 1983 386 2024 derisor
394 1981 481 2023 Anubis.

22 2054 54 2095 ille
63 2055 117 2110 petit
126 2054 222 2104 veniam,
232 2054 315 2108 quoties
324 2068 368 2096 non
376 2053 469 2095 abstinet
478 2066 531 2095 uxor

12 2132 14 2168 Ι
24 2127 141 2168 Concubitu
150 2126 214 2167 saeris
223 2126 401 2180 observandisque
410 2124 495 2174 diebus;

13 2184 14 2199 ¹
26 2201 140 2255 linguaque
149 2198 239 2239 debetur
248 2198 326 2240 violato
335 2210 397 2252 poena
406 2197 507 2247 cadurc03

26 2273 47 2314 Fr
55 2273 147 2316 movisse
156 2282 222 2328 caput
231 2271 275 2313 visa
284 2281 315 2314 est
324 2280 424 2327 argentea
432 2283 524 2328 serpens.
