1584 2642
107 222 137 274 aa
286 222 308 261 o.
326 221 344 262 J.
362 217 554 261 Juvauatls
654 222 740 261 esso.

108 309 190 353 Vocem
199 307 308 349 vendentis
318 306 455 361 praetoribus3
465 318 545 361 organa
554 318 638 361 semper

108 382 134 422 ln
143 380 254 429 manibus
264 378 323 421 densi
333 378 417 420 radiant
427 379 533 421 testudine
542 388 588 421 tota

108 452 263 507 Sardonyches;
273 450 342 506 crispo
352 450 466 507 pulsantur
474 452 557 507 pectine
566 450 662 501 chordae,

108 524 156 579 Quo
166 532 225 564 tener
234 522 358 579 Hedymeles
367 537 455 578 operam
466 523 536 565 dedit:
547 522 606 564 hune
618 532 687 575 tenet,
696 521 742 566 ltoc
750 536 769 563 se
782 573 783 578 Ἰ

108 594 201 645 Solatur,
211 605 313 651 gratoque
322 596 420 651 indulget
427 596 487 638 basia
496 595 583 651 plectro.

109 669 212 724 Quaedam
222 668 248 710 de
257 682 348 711 numero
358 668 481 710 Lamiarum
492 682 517 709 ac
525 668 620 709 nominis
630 668 679 718 atti,

109 746 165 786 Cum
175 743 231 786 farre
240 752 262 787 et
270 743 320 785 vino
329 746 421 796 lanum,
430 745 560 797 Vestamque
569 744 668 798 rogabat,

110 818 142 857 An
151 816 294 872 Capitolinam
303 817 390 859 deberet
399 814 464 857 Pollio
473 828 578 870 quercum

62 887 65 896 '
112 893 211 947 Sperare,
220 901 241 933 et
251 891 330 933 fidibus
338 891 470 947 promittere.
480 890 536 947 Quid
546 889 625 931 iaceret
634 888 683 943 plns

112 966 233 1018 AEgrotante
242 963 300 1003 virol
310 962 398 1003 medicis
407 962 458 1016 qnid
469 962 567 1003 tristibus
573 975 623 1016 erga

113 1035 227 1078 Filiolam?
236 1037 294 1077 stetit
303 1045 352 1077 ante
362 1048 434 1085 aram,
444 1049 483 1076 nee
493 1046 554 1089 turpe
563 1033 646 1089 putavit

113 1112 152 1151 Pro
163 1109 244 1150 eithara
253 1108 322 1149 velare
331 1117 407 1162 caput3
416 1107 538 1161 dictataque
547 1110 612 1150 verba

114 1179 213 1228 Pertulit,
223 1189 248 1221 ut
258 1192 305 1221 mos
314 1189 356 1228 est,
367 1188 388 1219 et
397 1188 470 1233 aperta
479 1178 556 1232 palluit
565 1193 626 1235 agna.

114 1254 151 1297 uic
161 1253 214 1295 mihi
224 1266 373 1307 unusquam,
383 1252 428 1301 dic,
438 1252 585 1306 antiquissime
594 1255 681 1306 divum,

114 1329 233 1383 Respondes
243 1327 286 1376 his,
295 1330 346 1368 Jane
356 1332 428 1381 pater?
437 1329 514 1381 lingna
522 1328 565 1370 otia
575 1330 631 1380 eoeli3

115 1403 164 1442 Non
174 1410 215 1449 est,
226 1408 250 1440 nt
259 1398 332 1447 video,
341 1411 384 1438 non
394 1400 493 1452 estquod
503 1409 578 1454 agatur
586 1402 645 1455 apud
654 1416 697 1443 vos.

114 1470 162 1513 llaec
172 1471 198 1511 de
207 1469 308 1511 comoedis
318 1479 338 1512 te
348 1469 452 1511 consulit:
462 1470 498 1512 illa
508 1473 627 1526 tmgoedum

116 1541 271 1585 Commendare
280 1540 336 1583 volet
344 1557 349 1581 :
359 1541 468 1583 varicosus
476 1543 515 1584 liet
523 1557 619 1599 aruspex.

118 1690 158 1729 Suu
168 1695 238 1728 cantet
246 1686 328 1741 potius,
338 1700 404 1741 qnam
415 1696 483 1730 totam
493 1687 587 1742 pervolet
595 1689 672 1729 urbem

119 1763 203 1812 Audax,
213 1770 234 1803 et
242 1771 309 1803 coetus
317 1762 384 1817 possit
392 1776 459 1817 qnam
470 1762 525 1803 ferre
535 1763 641 1810 virorum

118 1840 216 1891 Cumque
225 1835 331 1891 paludatis
340 1838 443 1886 ducibus,
452 1846 555 1892 praesente
565 1836 654 1885 marito,

119 1911 167 1964 Ipsa
176 1907 236 1963 loqui
245 1918 301 1950 recta
311 1908 375 1955 facie,
385 1909 506 1963 stn'etisque
516 1907 624 1949 mamillis.

120 1984 166 2024 llaec
176 1982 251 2023 eadem
260 1983 319 2024 novit
328 1984 380 2037 quid
390 1992 436 2025 toto
445 1981 483 2023 fiat
492 1982 515 2021 in
524 1982 586 2030 orbe,

120 2053 177 2109 Quid
187 2055 256 2105 Seres,
265 2053 317 2107 quid
326 2054 418 2095 Thraces
427 2060 501 2106 agant3
511 2063 590 2094 secreta
599 2066 694 2094 noverca

122 2126 148 2165 Et
156 2124 228 2177 pueri;
237 2124 285 2177 quis
295 2133 363 2173 amet,
374 2124 422 2176 quis
431 2123 543 2176 diripiatur
552 2123 642 2165 adulter.

124 2195 182 2237 Dicet
191 2194 238 2247 quis
247 2195 334 2236 viduam
344 2203 491 2248 praegnantem
500 2194 584 2245 fecerim
593 2204 614 2237 et
622 2209 666 2248 quo
