1584 2642
106 202 150 252 ¹7⁰
332 193 360 237 Δ.
379 191 503 235 PERSH

103 294 255 341 adolescentia
266 295 365 339 Caeeium
373 297 480 348 Bassum,
491 305 514 339 et
526 292 677 354 Calpurnium
689 297 737 340 Sta-

104 394 195 436 tuam,
207 383 248 442 qui
259 395 286 426 eo
296 382 348 426 vivo
357 380 446 440 juvenis
458 381 561 425 decessit.
573 379 650 426 Coluit
660 393 687 426 ut
696 397 737 442 pa·

106 479 165 513 trem
174 465 293 512 Servilium
299 468 440 512 Numanum.
449 469 492 511 Per
498 467 624 512 Comutum
634 469 741 528 cognovit

106 556 218 598 Annaeum
233 554 301 597 etiam
316 555 447 607 Lucanum,
466 569 590 614 aequaevum
608 554 738 600 auditorem

107 640 210 685 Cornuti.
220 641 279 684 Nam
290 642 403 686 Cornutus
413 639 452 685 illo
462 652 563 700 tempore
573 642 671 700 tragicus
684 641 738 695 fuit,

107 738 173 770 sectae
184 725 271 779 atoicae,
283 725 322 785 qui
337 723 407 768 libros
418 722 567 784 philosophia
579 722 680 784 reliquit.
696 723 742 768 Sed

108 812 212 856 Lucanus
223 809 281 855 adeo
291 808 418 854 mirabatur
427 810 510 868 scripta
518 807 605 863 Flaoei,
617 821 643 854 ιιι
657 810 695 853 via
704 823 742 854 re-

107 899 190 944 tineret
202 915 226 944 se
239 898 278 943 ilio
289 900 395 944 recitante
409 912 422 941 a
437 895 550 951 clamore,
568 897 624 955 quin
637 894 677 941 iila
693 911 744 942 etse

108 998 162 1028 vera
172 990 277 1042 poemata
286 982 378 1030 diceret.
389 985 444 1027 Sero
454 982 558 1042 cognovit
568 982 690 1036 Senecam,
702 980 745 1026 aed

108 1081 154 1112 non
166 1077 192 1112 ut
202 1079 321 1127 caperetur
329 1067 378 1126 ejus
386 1068 484 1127 ingenio.
497 1068 557 1110 Usus
566 1077 600 1111 eat
611 1066 674 1127 apud
683 1069 745 1112 Gor·

108 1163 192 1198 nutum
205 1150 304 1196 duorum
319 1153 423 1197 convictu
434 1151 630 1207 doctissimorum,
641 1163 664 1196 et
676 1167 746 1198 sanc·

108 1240 247 1284 tiaaimomtn
253 1239 367 1293 virorum,
375 1241 457 1284 acriter
465 1251 514 1284 tum
521 1237 745 1299 philosophantium,

108 1323 200 1370 Claudii
208 1324 326 1383 tgaoemi,
336 1323 419 1368 medici
427 1325 604 1380 Lacedaemonii,
612 1337 634 1370 et
640 1327 747 1371 Petmnii

109 1409 250 1453 Aristaei-atis
265 1407 390 1465 Magnetis,
408 1423 464 1469 quoe
480 1410 545 1454 unice
560 1411 656 1454 miratus
671 1421 707 1456 est
724 1422 749 1456 et

108 1489 309 1553 aemulatnt,quum
313 1489 496 1550 aeqiaalesestent,
502 1493 628 1538 eteornutn
634 1493 746 1540 minoret.

109 1580 160 1640 lpse
171 1579 241 1623 etiarn
251 1578 330 1624 decern
340 1576 388 1623 fere
398 1581 462 1624 annis
473 1593 560 1624 tumme
573 1577 669 1625 dilectat
678 1579 745 1640 apud

109 1664 235 1710 Thraseam
243 1678 289 1721 eet,
296 1666 328 1712 ita
334 1677 360 1710 ut
365 1667 547 1726 peregrinaretur
554 1679 646 1727 quoque
654 1680 709 1710 cum
715 1680 747 1711 en

109 1749 245 1813 aliquando,
255 1763 373 1812 cogitatam
382 1751 430 1812 ejus
439 1753 626 1798 Arriamuxorem
633 1750 743 1798 habente.

112 1836 165 1881 Fuit
176 1851 266 1882 morum
274 1835 454 1892 lenissimum,
463 1836 605 1884 verecundiae
613 1835 744 1896 virginalia,

111 1919 191 1966 forma
199 1919 312 1981 pnichm,
328 1922 417 1982 pietatis
429 1937 482 1982 erga
492 1933 588 1968 matrem
604 1933 626 1968 et
641 1936 747 1968 wroreua

113 2018 136 2052 et
146 2008 240 2052 amitam
254 2006 357 2068 exemplo
372 2007 510 2054 sufficientis.
523 2007 576 2054 Fuit
589 2007 650 2067 frugi
662 2019 685 2052 et
698 2021 744 2067 pu-

14 2080 15 2085 ’
112 2089 744 2155 ιιιω.ιιιιιςιιιιειιωωιωιιήαωωιιηωιρω
