1584 2642
45 249 63 279 v.
76 237 112 287 ⁶7.
269 237 390 280 sirini
408 238 456 277 ιιι,
651 245 677 282 25

46 326 150 365 Rusrreos
160 322 195 365 iile
205 333 255 366 tuus
265 322 332 365 sumit
342 324 490 381 trechedipna‚
500 325 599 382 Quirine,

46 400 70 441 Et
79 397 209 439 ceromatico
219 397 260 439 tert
271 398 374 441 niceteria
383 399 444 440 coilo.

48 470 85 511 nic
94 469 137 511 alta
146 470 246 526 Sicyone,
255 480 287 512 ast
296 470 331 511 hic
340 471 451 527 Amydone
460 470 544 522 relicta,

49 544 84 585 aie
93 544 175 593 Andro,
186 543 222 585 iile
231 546 306 595 Samo,
316 543 350 585 hic
359 544 466 586 Trallibus
475 554 514 586 aut
523 543 648 595 alabandis,

49 616 150 671 Esquilias
159 616 284 671 dictumque
293 626 371 672 petunt
379 632 392 659 a
401 618 481 659 vimine
490 618 579 669 collem,

48 689 132 731 Viscera
141 702 270 744 magnarum
280 690 387 733 domuum
398 691 522 747 dominique
532 692 607 734 futuri.

47 762 159 817 Ingenium
169 761 240 813 velox,
250 763 339 804 audacia
348 763 441 819 perdita,
451 777 523 805 termo

48 838 157 887 Promtus,
168 846 189 879 et
199 838 249 878 iseo
259 837 381 879 torrentior.
390 838 445 887 Ede,
455 837 506 891 quid
516 836 579 878 ilium

47 910 95 950 asse
103 913 177 963 putes?
187 908 283 962 quemvis
292 908 405 950 hominem
414 922 488 950 secum
497 908 575 952 adtulit
584 910 611 950 ad
621 924 670 952 nos:

48 982 215 1033 Grammaticus,
226 983 305 1036 rhetor,
315 994 445 1039 geometres,
454 984 529 1040 pictor,
541 984 626 1041 aliptes,

48 1057 126 1111 Augur,
137 1056 294 1108 schoenobates,
304 1057 412 1108 medicus,
421 1070 510 1113 magiis:
521 1057 595 1099 omnia
603 1059 674 1100 novit:

48 1123 156 1171 Graeeirlus
166 1128 261 1171 esuriens
272 1129 294 1170 in
304 1128 393 1181 coelum,
399 1127 500 1187 jusseris3
511 1130 557 1173 ibit

47 1201 204 1252 taruennam,
212 1215 256 1243 aon
264 1204 351 1243 Maurus
359 1211 411 1254 erat,
421 1217 460 1245 nec
468 1205 566 1245 sumata
573 1237 579 1255 ,
586 1217 625 1245 nec
632 1204 711 1254 Thrax,

49 1274 91 1331 Qui
100 1274 178 1317 sumsit
187 1287 280 1331 pennas,
290 1274 365 1317 mediis
374 1276 411 1317 sed
420 1284 483 1320 natus
492 1276 586 1319 athenis.

49 1424 128 1464 Honori
138 1436 178 1477 ego
186 1436 231 1464 non
241 1422 323 1477 fugiam
333 1422 454 1478 conchylia!
465 1437 501 1465 me
510 1423 569 1479 prior
577 1422 613 1466 ille

49 1495 156 1551 Signabit‚
166 1494 277 1551 fultusque
287 1505 334 1537 toro
344 1496 432 1538 meliore
442 1498 554 1540 recumbet

49 1568 154 1610 Advectus
162 1569 265 1621 Romam,
275 1581 318 1623 quo
330 1581 400 1623 pruna
409 1579 430 1611 et
439 1579 528 1614 coctana
537 1572 611 1611 vento!

50 1643 119 1697 Usque
129 1642 183 1683 adeo
193 1640 247 1682 nihii
256 1652 298 1693 est,
308 1642 366 1697 quod
376 1653 450 1685 nostra
459 1643 550 1687 infantia
560 1644 638 1688 coelum

55 1716 129 1758 ilausit
138 1716 231 1757 aventini
241 1716 306 1759 bacca
314 1716 395 1759 nutrita
405 1717 495 1759 Sabina?

51 1791 118 1847 Quid,
128 1791 186 1845 quod
196 1790 296 1832 adulandi
307 1804 358 1847 gena
367 1791 535 1846 prudentissima
545 1792 619 1837 laudat

52 1863 176 1904 Sermonem
186 1862 277 1913 indocti,
288 1861 364 1903 faciem
375 1862 477 1903 deformis
486 1863 562 1914 amici,

52 1936 76 1978 Et
84 1936 175 1991 longum
185 1934 271 1985 invalidi
282 1935 362 1977 collum
372 1934 489 1975 cervicibus
498 1944 570 1989 aqum

53 2008 158 2059 Herculis,
167 2010 266 2051 tntaeum
276 2007 350 2064 procul
360 2022 373 2049 a
382 2007 458 2050 tellure
467 2006 570 2049 tenentis?

54 2081 144 2125 Miratur
153 2095 227 2125 vocem
237 2092 362 2138 angustam,
371 2095 415 2137 qua
424 2079 516 2122 deterius
525 2093 565 2124 nec

54 2154 89 2207 ille
98 2166 175 2209 sonat,
185 2170 229 2214 quo
239 2158 350 2199 mordetur
359 2156 438 2214 gallina
446 2143 531 2203 marito.
