1584 2642
114 222 141 263 lio
295 218 318 258 D.
335 217 353 257 l.
371 216 564 258 iuvenalis
660 229 680 257 v.
695 229 743 271 ²⁷9·

113 308 152 352 Sed
158 306 218 364 jacet
226 307 249 347 in
257 306 310 348 servi
320 304 467 360 complexibus
475 314 514 347 aut
522 304 606 360 equitis.
615 305 664 358 llic,

112 380 149 422 Dic
158 379 252 434 aliquem
261 378 321 419 sodes
329 377 376 429 bic,
385 376 526 433 Quintiliane,
535 375 637 419 colorem.

113 476 140 487 ·-
147 456 265 503 llaerernus;
275 452 309 493 dic
318 452 369 507 ipsa.
380 448 407 483 ¹-
414 451 470 494 Olim
480 462 620 503 convenerat,
628 451 714 507 inquit,

112 530 141 568 Ur
149 525 228 567 faceres
237 535 272 576 tu,
281 526 341 580 quod
350 524 421 567 velles:
433 539 473 567 nec
482 538 527 567 nou
536 538 575 580 ego
583 538 670 580 possem

111 596 222 651 Indulgere
232 597 296 648 mihi;
306 596 385 640 clames
394 597 454 648 licet,
463 607 485 639 et
493 610 552 639 mm
561 597 614 639 coelo

110 671 245 723 Confundas,
255 672 321 714 homo
331 687 387 715 sum.
397 673 456 720 Nihil
465 681 497 715 est
505 671 609 713 audacius
617 670 659 712 illis

111 743 233 800 Deprensis:
243 744 298 787 iram
307 755 371 802 atque
380 746 465 787 animos
473 743 582 787 acrimiue
590 752 691 785 sumunt.

110 893 171 934 Uror
180 892 224 935 bec
234 903 331 935 monstra
341 902 414 935 tamen
423 891 455 933 vel
463 904 507 946 quo
516 891 543 932 de
552 889 623 940 lonte,
633 888 742 944 requiris}

110 966 224 1007 Prrestabat
233 976 300 1009 castas
309 965 399 1007 humilis
408 965 496 1007 fortuna
505 964 590 1007 Latinas

110 1036 236 1091 Quondam,
246 1050 284 1077 nec
294 1036 349 1077 vitiis
359 1035 454 1090 contingi
463 1048 526 1090 parva
537 1036 636 1077 sinebant

109 1111 171 1149 'secla
180 1106 248 1157 labor,
257 1108 370 1161 somnique
379 1108 464 1157 breves,
473 1117 495 1149 et
504 1106 579 1149 vellere
587 1110 657 1150 Tusco

109 1181 193 1221 Veratae
202 1180 303 1233 duraque
313 1192 402 1228 manus,
412 1192 437 1219 ac
446 1178 557 1233 proximus
566 1180 615 1221 urbi

108 1250 209 1301 Annibal,
219 1260 240 1293 et
248 1259 327 1292 stantes
336 1248 419 1292 Collina
427 1250 450 1293 in
460 1260 517 1292 turre
527 1251 606 1293 mariti.

109 1326 172 1366 Nunc
182 1323 278 1379 patimur
286 1322 354 1377 longe
363 1322 421 1377 pacis
431 1323 488 1365 mala
496 1339 501 1363 z
510 1323 584 1366 saevior
593 1280 683 1384 arml‘

106 1394 200 1439 Luxuria
209 1394 319 1446 incubuit,
329 1393 453 1450 victumque
462 1395 573 1438 ulciscitur
581 1397 663 1438 orbem.

109 1466 199 1511 Nullum
209 1465 291 1508 crimen
300 1466 371 1518 abest,
381 1466 508 1523 facinusque
517 1467 622 1521 libidinis,
632 1483 657 1513 ex
665 1483 712 1526 quo

108 1543 222 1595 Paupertas
232 1552 322 1581 romana
331 1540 393 1595 perit.
402 1540 455 1581 llinc
465 1540 561 1582 fluxitad
569 1540 621 1583 istos

108 1616 133 1659 Et
142 1613 226 1669 Sybaris
232 1612 306 1665 colles;
316 1613 366 1661 binc
375 1624 396 1656 ct
405 1615 501 1666 llbodos,
510 1625 532 1657 et
540 1614 633 1666 Miletus,

108 1690 176 1743 lltque
185 1695 313 1729 coronatum
322 1696 343 1730 et
351 1687 451 1743 petulans
459 1687 614 1743 madidumque
623 1689 752 1731 Tarentum.

107 1840 177 1880 Parui
187 1836 308 1891 peregrinos
317 1839 416 1879 obscoeua
425 1837 516 1892 pecunia
524 1850 595 1879 mores

107 1909 193 1961 Intulit,
202 1919 223 1952 et
233 1910 290 1965 turpi
300 1910 409 1965 fregerunt
417 1909 489 1952 secula
498 1910 551 1951 luxu

107 1982 187 2025 Divitis
197 1981 276 2024 molles.
287 1982 342 2037 Quid
352 1982 411 2024 enirn
420 1983 493 2023 Venus
501 1981 560 2024 ebria
568 1985 641 2023 curat?

107 2055 203 2110 inguinis
212 2064 234 2097 et
241 2055 316 2111 cepitis
325 2069 372 2111 quae
381 2055 425 2098 sint
433 2055 567 2107 discrimine,
577 2055 653 2106 nescim

107 2126 199 2167 Grandia
207 2140 254 2180 quc
264 2127 339 2169 mediis
345 2126 393 2181 jem
403 2128 502 2170 noctibus
511 2137 580 2171 ostrea
589 2127 686 2178 mordet,

107 2200 180 2254 Quum
190 2200 276 2254 perlusa
285 2214 345 2243 mero
355 2212 457 2257 spumant
466 2211 576 2258 unguenta
584 2200 686 2252 falerno,
