1584 2642
112 194 124 232 8
290 194 312 233 Ι).
331 194 348 231 J.
367 190 557 234 iuventus
670 203 690 234 v.
706 194 735 234 16,

109 281 227 325 Consilium
237 270 335 320 dedirnus
344 278 416 330 Sullae,
426 280 521 334 privatus
529 290 554 323 ut
563 280 632 323 airum

111 354 229 396 Dormircti
238 350 305 393 Stulta
314 361 345 392 est
354 351 477 401 clementia,
487 367 556 407 quum
567 364 598 396 tot
607 353 687 409 ubique
743 359 750 394 .”

105 427 202 481 ¹Vatibus
212 438 321 476 occurras,
331 424 429 480 peritura
438 439 524 481 parcere
533 427 617 470 charta.

110 574 155 615 Cun
166 572 287 615 tamennoc
297 570 368 625 potius
377 570 442 615 libeat
450 573 563 615 decurrere
571 588 660 630 campo,
741 579 745 590 '

109 648 148 688 Per
157 660 221 701 quem
232 658 322 699 magnus
332 660 398 701 equos
406 649 510 690 Aurunca
520 648 700 700 aestuaremus,

109 718 130 761 Si
141 728 211 769 vacat,
221 728 242 759 et
252 717 328 772 placidi
339 718 444 762 rationem
454 721 575 770 admittitis,
585 721 655 762 edam.

109 792 182 846 Quum
193 799 251 832 tener
260 802 348 831 uxorem
358 792 423 833 ducat
432 793 509 847 spado,
519 792 592 835 Maevia
600 794 695 833 Tuscum
751 809 755 820 ·

109 865 168 920 Figat
177 876 265 919 aprum,
274 873 295 907 et
305 866 362 907 nuda
372 874 443 913 teneat
452 866 557 909 rennhuia
566 878 677 907 mamma„¹
744 845 756 877 ἰ

109 936 208 979 Patricios
217 947 292 975 omnes
302 937 378 991 opibus
388 951 458 992 quum
468 947 568 993 provocet
577 951 645 988 uuus,

109 1010 157 1063 Quo
166 1007 266 1049 tondente
275 1007 344 1062 pravis
350 1008 427 1062 juveni
434 1009 488 1049 mihi
498 1010 565 1050 barba
573 1009 676 1050 mahat:

109 1083 181 1136 Quum
191 1092 239 1133 pars
248 1079 334 1122 Niliaca
343 1079 421 1135 piebis,
430 1094 500 1134 quum
510 1093 576 1121 verna
583 1080 665 1135 Canopi
739 1106 748 1128 ,
767 1113 769 1142 t

109 1150 229 1206 Crispinus,
239 1151 311 1207 Tyrias
321 1151 413 1194 humero
423 1160 535 1193 revocante
544 1150 649 1201 lacernas,

110 1223 203 1265 Ventilet
213 1224 309 1269 aestivum
319 1223 390 1278 digitis
399 1223 526 1265 sudantibus
535 1236 626 1275 aurunt,
730 1225 732 1229 “
768 1209 770 1250 i

111 1298 155 1338 Nec
164 1295 254 1339 sufferre
264 1306 329 1351 queat
338 1296 428 1351 majoris
436 1297 532 1351 pondera
541 1310 642 1352 gemmae5
770 1283 771 1306 ¹

111 1370 201 1412 Diflicilc
210 1381 242 1415 est
251 1371 340 1413 satiram
349 1384 393 1411 non
404 1370 501 1412 scribere.
512 1372 568 1413 Nam
577 1371 625 1426 quis
634 1371 713 1427 iniqua·

27 1490 29 1493 ,
110 1446 163 1486 Tam
173 1445 255 1499 patiens
265 1444 335 1493 urbis,
346 1454 391 1485 tum
402 1443 494 1494 ferreus,
505 1454 528 1486 ut
538 1454 607 1487 teneat
617 1434 651 1496 se⁸‚

109 1514 214 1559 causidici
224 1530 279 1559 nova
288 1529 357 1571 quum
367 1515 438 1558 veniat
446 1514 520 1558 lectica
529 1517 636 1559 Mathonis

110 1589 173 1632 Picus
182 1590 238 1645 ipso;
248 1598 296 1645 post
305 1590 363 1631 hunc
373 1590 445 1645 magni
454 1590 537 1632 delator
546 1590 621 1641 amici,

111 1663 136 1704 Et
145 1662 187 1705 cito
197 1670 298 1715 rupturus
306 1662 333 1703 de
342 1661 454 1704 nobilitate
462 1677 549 1705 comesa

111 1734 174 1790 Quod
183 1742 290 1787 superest,
298 1746 363 1787 quem
371 1735 439 1776 Massa
447 1736 520 1784 timet,
528 1748 593 1789 quern
601 1747 691 1776 munere
697 1736 771 1793 palpat

110 1809 188 1855 Carus,
197 1816 218 1847 et
227 1820 240 1849 a
250 1806 331 1862 trepido
340 1808 442 1864 Thymcie
451 1808 566 1851 summissa
575 1808 650 1849 Latino
659 1826 664 1849 :

110 1880 184 1935 Quum
195 1887 214 1921 te
224 1890 374 1923 summoveant
383 1880 421 1934 qui
431 1890 558 1922 testamenta
568 1889 679 1921 merentur

111 1953 228 2003 Noctibus,
238 1953 259 1995 in
269 1953 346 1996 coeium
356 1968 411 2010 quos
420 1955 501 2001 evehit,
512 1953 594 2008 optima
603 1955 685 1995 summi

111 2025 175 2065 Nunc
185 2025 217 2069 via
226 2040 346 2081 processus,
357 2025 433 2068 vetuiae
442 2027 510 2065 turca
519 2025 598 2066 beaw

84 2139 87 2145 ,
114 2098 223 2139 Uncioiam
233 2097 357 2159 Proculeius
362 2099 439 2146 habet,
448 2098 485 2139 scd
494 2097 547 2139 Giiio
556 2099 675 2141 deuncem:

114 2172 183 2215 Partes
192 2173 283 2228 quisque
292 2166 342 2227 suas
349 2162 379 2215 'ad
388 2167 513 2213 mensuram
522 2171 615 2226 inguinis
623 2172 684 2215 heres
