1584 2642
130 219 167 259 182
363 219 387 259 d.
405 218 518 260 l’EllSll
692 236 710 263 v.
725 224 759 263 18.

127 306 215 347 Delove
224 305 276 360 quid
285 304 362 347 sentis!
371 315 440 357 estne,
451 315 476 350 ut
484 319 607 362 praeponere
616 321 678 351 cures

127 379 195 421 llunc.
204 377 308 420 Culpam!
317 377 418 419 cuinamt
426 379 457 421 vis
466 380 537 422 stator
545 392 573 420 au
582 379 664 423 seilicet
673 381 746 422 horest

128 453 180 508 Quis
189 451 260 508 potior
266 452 345 508 judei,
354 454 451 508 puerisve
459 454 507 509 quis
517 453 586 509 aptior
595 455 667 497 orbisr

128 527 171 566 lloc
181 524 247 580 igitur
254 538 298 579 quo
308 533 331 566 tu
339 525 396 567 lovis
407 539 481 566 aurem
490 525 599 580 impellere
609 536 691 578 tentas,

128 598 165 640 Dic
175 599 267 653 agedum
276 591 347 641 Staio:
358 603 396 654 pro
408 600 501 654 Jupiter!
511 613 524 641 o
534 601 600 650 bone,
610 600 702 652 clamet,

130 671 224 726 Jupiter!
234 681 257 715 at
265 686 309 714 sese
318 687 362 714 uon
372 673 450 715 clamet
458 673 541 728 Jupiter
550 673 600 728 ipse.

129 744 235 799 ignovisse
244 755 318 800 putas,
327 746 388 800 quia,
399 759 449 786 cum
461 753 532 796 tonat,
541 756 606 801 ocyus
615 744 657 787 ilex

131 816 217 859 sulfure
225 817 339 860 discutitur
347 831 419 869 sacro,
428 830 494 872 quarn
504 825 582 872 tuque,
590 818 726 875 domusque?

132 891 164 932 dn
173 890 224 944 quia
233 904 277 932 non
287 889 346 931 libris
355 890 440 939 ovium,
451 891 588 944 Ergennaque
594 889 701 945 jubente,

133 962 263 1017 Tn'stejaces
271 963 337 1014 lueis,
346 962 513 1016 evitandumque
522 961 627 1013 bidental,

133 1035 213 1077 Idcirco
222 1037 322 1078 stolidum
331 1037 411 1091 prebet
421 1035 460 1078 tibi
469 1035 544 1080 vellere
553 1036 644 1078 hurbem

133 1110 227 1164 Jupitert
236 1122 274 1153 aut
283 1111 387 1165 quidnam
398 1120 438 1162 est,
449 1123 492 1165 qua
502 1119 526 1152 tu
535 1111 632 1153 mercede
641 1113 740 1155 Deorum

133 1183 214 1224 limeris
223 1182 330 1225 auriculas
338 1183 453 1239 pulmone,
463 1194 484 1226 et
493 1183 584 1228 lactibus
594 1184 678 1226 uncust

160 1257 211 1297 Ecce
220 1255 278 1306 avia,
287 1265 326 1297 aut
334 1266 432 1298 metuens
442 1257 516 1298 divom
526 1267 652 1308 matertera,
663 1259 727 1301 cunio

132 1328 215 1373 Exemit
223 1341 328 1384 puerum:
339 1329 486 1385 frontemque,
496 1340 560 1386 atque
569 1333 612 1374 uda
622 1331 700 1375 labello

132 1401 211 1442 lnfami
221 1398 297 1455 digito,
307 1410 329 1441 et
339 1400 464 1444 lustralibus
473 1411 522 1444 ante
531 1403 600 1444 salivis

132 1473 218 1528 Expiet,
228 1482 313 1513 urentes
322 1472 395 1514 oeulos
405 1472 500 1515 inhibere
509 1475 583 1529 perita.

130 1548 191 1593 Tunc
200 1545 300 1587 manibus
309 1545 389 1601 quatit,
397 1556 419 1589 et
427 1561 487 1602 spem
496 1562 592 1591 macram
601 1549 697 1605 supplice
708 1563 760 1596 voto

131 1621 195 1662 Nunc
204 1618 269 1661 Licini
278 1618 302 1660 in
310 1631 409 1674 campos,
418 1633 477 1662 nuuc
486 1621 553 1662 Crassi
562 1621 630 1664 mittit
638 1622 662 1664 iu
671 1624 735 1666 ades.

132 1695 193 1737 llune
202 1703 278 1751 optent
285 1707 388 1751 generum
397 1707 433 1735 rex
442 1704 463 1736 et
473 1695 555 1750 regina:
567 1696 642 1751 puellee

132 1770 193 1810 lluue
201 1769 285 1824 rapiant
295 1785 299 1809 :
309 1768 412 1823 quicquid
421 1768 532 1812 oelcaverit
542 1769 588 1820 hic,
598 1784 645 1813 tosa
655 1770 700 1815 flat

131 1843 168 1885 det
177 1856 216 1898 eqo
225 1827 303 1886 nutrici
312 1858 357 1886 nou
366 1845 447 1886 maudo
456 1853 505 1887 vota
513 1861 518 1885 z
527 1855 603 1900 negato

134 1916 217 1972 Jupiter
225 1917 269 1959 haee
278 1917 320 1969 illi,
328 1918 427 1973 quamvis
437 1927 457 1960 te
468 1918 539 1977 albata
548 1918 634 1974 rogarit.

133 1990 202 2031 Poscis
211 2004 274 2046 opem
284 1993 363 2042 nervis,
372 2006 492 2048 corpusque
501 1992 563 2034 fidele
572 2002 660 2035 senectae
670 2008 675 2032 ι

134 2065 193 2113 Esto,
203 2078 252 2118 age:
262 2067 298 2106 sed
307 2067 396 2121 grandes
405 2067 494 2120 patinae,
504 2077 617 2122 tucetaque
626 2081 696 2111 crassa

133 2137 232 2177 unum
241 2136 273 2176 liis
282 2151 370 2191 superos
378 2148 474 2188 vetuere,
483 2141 599 2195 lovemque
608 2153 730 2187 morantur.

135 2209 187 2250 ilem
196 2218 277 2262 struere
285 2219 372 2266 exoptas
381 2224 437 2253 ceso
443 2212 508 2265 bove,
518 2215 691 2272 Mercuriumque
