1584 2642
111 214 138 255 δι
289 208 312 249 D
330 208 348 247 J.
364 200 558 245 ruvereus
659 211 683 239 r
686 207 750 251 .²¹'77

110 307 228 347 Lautorum
237 312 325 357 pueros,
335 306 403 341 artem
412 294 509 338 scindens
517 289 631 334 Theodori.

112 376 187 418 Balnea
197 372 309 421 sexcentis,
318 380 339 412 et
348 368 415 424 pluris
424 367 530 423 porticus
540 364 563 404 ιιι
571 376 615 417 que

112 450 209 491 Gesterur
218 444 328 496 dominus,
338 441 421 498 quoties
430 439 491 495 pluit.
501 440 560 480 Anne
569 448 672 476 serenum

111 523 230 575 Exspecta,
240 525 365 572 spargatque
375 512 436 555 iuro'
427 518 529 568 jumenta
538 506 628 550 receuti!

113 593 150 635 liic
159 592 241 647 potius;
250 602 343 644 namque
352 588 386 629 hic
396 586 483 629 munde
491 584 545 624 nitet
554 580 636 636 ungule
645 580 733 623 mula

113 668 173 707 Parte
182 664 223 707 alie
232 662 299 719 longis
308 661 454 704 Numidarum
464 656 518 697 fulta
527 653 633 696 columnis

112 742 200 795 Surget,
210 748 231 780 et
240 737 345 793 algentem
355 735 424 790 rapiat
432 731 522 775 coenarie
531 728 605 771 solem

114 810 287 868 Quanticumque
296 809 385 858 domus,
394 804 464 848 veniet
472 816 509 857 qur
503 799 600 842 fercula
608 799 671 841 docte

113 882 239 937 componit,
249 880 318 923 veniet
326 894 363 934 qur
358 873 515 933 'pulmentaria
524 871 603 913 condit

115 958 171 1000 iios
166 967 221 998 mter
230 965 329 1010 sumptus
338 952 433 996 sestertia
442 948 598 1006 Quinctilium,

113 1032 141 1071 Ut
150 1028 255 1076 multum,
265 1028 308 1068 duo
317 1024 437 1067 sufficient:
448 1036 480 1063 res
489 1020 548 1063 nuile
558 1019 648 1060 minoris

113 1099 223 1141 Constabit
232 1097 287 1151 patri
295 1108 361 1150 quem
371 1093 434 1135 filius.
445 1092 519 1133 Unde'
513 1092 578 1162 igitur
587 1099 619 1131 ιοι

113 1167 268 1225 Quinctiiianus
277 1166 342 1206 habet
350 1164 428 1205 saltus?
436 1162 537 1217 Exempla
546 1160 656 1204 novorum

112 1243 215 1283 Fatorum
226 1237 303 1281 transi:
313 1236 373 1285 felix,
383 1245 404 1277 er
414 1234 509 1290 pulcher,
518 1244 540 1276 et
548 1246 607 1285 ucer3

111 1314 180 1363 Felix,
189 1322 210 1355 et
219 1324 312 1367 sapiens
322 1320 343 1351 et
351 1308 441 1360 nobrirs
451 1318 472 1350 et
481 1321 595 1362 generosus

112 1387 236 1444 Appositum
246 1384 309 1439 nigre
318 1383 393 1425 lunam
402 1382 495 1423 subtexit
504 1380 580 1423 niutae·

68 1496 70 1501 ,
112 1461 181 1511 Felix,
190 1470 262 1501 orator
271 1470 356 1512 quoque
365 1455 484 1503 maximus,
493 1463 514 1495 et
519 1453 640 1509 Jaeuhror

113 1536 138 1577 Ει
147 1546 164 1573 sr
158 1530 280 1587 perfrixit,
290 1538 362 1570 cantat
370 1528 431 1569 bene.
440 1526 507 1568 Distat
515 1525 574 1566 enim
579 1540 654 1580 ‚quae

114 1606 186 1649 Sidera
195 1614 215 1646 te
225 1602 330 1658 excipient
339 1602 404 1643 modo
412 1599 493 1655 primos
502 1598 640 1654 incipientem

113 1680 179 1723 Edere
188 1677 281 1732 vagitus,
291 1685 312 1717 et
320 1676 390 1717 adhuc
400 1687 413 1715 e
422 1682 490 1715 matre
500 1674 620 1714 rubentem.

113 1754 134 1795 Si
144 1751 230 1793 fortuna
240 1748 306 1799 volet,
316 1749 353 1791 fies
363 1748 389 1788 de
398 1746 482 1789 rhetore
491 1745 576 1796 consul;

113 1825 134 1867 Si
144 1824 200 1866 volet
209 1822 252 1864 haec
261 1822 346 1869 eudem
356 1819 393 1861 fies
403 1820 429 1861 de
438 1818 524 1861 consule
534 1819 612 1860 rhetor.

114 1895 226 1940 Ventidius
235 1894 286 1949 quid
295 1892 365 1935 enimr
374 1892 427 1947 quid
435 1890 528 1933 Tullius?
536 1893 596 1932 Anne
604 1889 664 1933 eliud
673 1906 744 1946 quum

113 1970 175 2011 Sidus
184 1978 205 2009 et
215 1965 292 2009 occulti
301 1964 399 2007 miranda
408 1962 503 2018 potentia
512 1961 561 2004 satir

114 2040 181 2081 Servis
191 2052 255 2093 regna
264 2037 356 2085 dabunt,
366 2034 454 2090 captivis
463 2032 508 2075 fata
517 2032 644 2087 triumphos

114 2112 171 2158 Felix
180 2112 213 2153 iile
224 2121 307 2161 tamen,
316 2123 379 2151 corio
388 2122 474 2164 quoque
483 2107 551 2149 rarior
559 2106 615 2147 albo.

114 2182 213 2225 renituit
223 2182 301 2224 multos
311 2193 369 2224 vanae
379 2179 496 2234 sterilisque
505 2178 620 2227 cathedre,
681 2213 685 2219 ,
