1584 2642
267 209 445 252 sAT11ts1v.

38 299 186 342 Dinomaches
195 312 234 355 ego
242 312 299 341 sum.
308 297 383 341 Suffls.
390 300 443 340 Sum
452 295 561 340 condidus.
571 298 619 340 Esto
629 314 634 336 :

38 375 100 414 Dum
109 386 138 414 ne
146 372 240 414 deterius
248 372 317 427 sapiat
325 385 438 427 pannucea
446 371 530 420 Bnucb,

38 445 97 485 Cum
107 444 163 485 bene
171 442 274 484 discincto
283 443 400 486 cantaverit
408 456 485 499 ocyma
493 455 567 484 vernae.

33 217 61 253 is.
77 225 110 254 no.
633 222 658 265 ¹9

39 517 71 557 Ut
78 529 145 558 neum
151 516 174 556 in
182 529 228 556 sese
237 525 305 558 tentat
312 516 449 566 descendere,
459 516 534 556 nemo!

38 589 83 630 Sed
91 587 219 643 precedenti
228 597 336 642 spectatur
345 587 440 629 mantica
449 597 514 642 tergo.

39 660 166 717 Quaesieris,
176 660 257 702 Nostin'
266 659 350 701 Vectidi
358 659 450 714 praedial
459 658 533 714 cujusl

39 732 115 782 Dives,
125 741 172 773 arat
181 731 272 773 Curibus
281 739 387 786 quantum
398 744 441 772 non
454 730 531 772 milvus
541 730 631 772 oberret.

39 806 103 846 llunc
112 805 155 846 ais!
164 805 233 855 hunc,
243 805 285 845 Diis
291 805 361 853 iratis,
371 803 476 859 genioque
485 803 582 850 sinistro,

39 877 83 933 Qui
92 877 224 931 quandoque
229 876 239 932 j
242 890 309 932 ugum
318 885 405 932 pertusa
413 877 440 918 ad
449 875 543 932 compita
553 874 611 930 figit,

38 951 126 993 Seriolae
134 961 228 993 veterem
237 962 335 993 metuens
343 951 444 993 deradere
453 949 543 999 limum,

38 1022 146 1078 Ingemit,
156 1024 199 1064 lloc
208 1024 262 1064 bene
269 1023 309 1064 sit:
322 1023 443 1065 tunicutum
453 1035 503 1064 curn
512 1021 555 1063 sale
565 1021 665 1064 mordens

38 1098 101 1151 Caepe
111 1112 116 1136 :
127 1105 149 1153 et
157 1095 237 1138 latratu
247 1096 318 1151 pueris
326 1095 478 1151 plaudentibus
487 1094 529 1136 olla
538 1127 543 1147 ,

39 1169 161 1211 Pennosam
171 1167 245 1210 faeccm
255 1168 365 1210 morientis
374 1168 446 1210 sorbet
453 1168 519 1210 aceti?

68 1243 95 1283 At
103 1242 121 1283 si
131 1232 210 1283 unctus
219 1255 296 1292 cesses,
306 1250 327 1289 et
336 1241 388 1296 figas
399 1242 421 1283 iu
430 1252 479 1284 cute
488 1241 566 1292 solem,

40 1314 76 1356 Est
85 1327 153 1370 prope
162 1323 183 1355 te
192 1313 288 1368 ignotus,
298 1313 371 1354 cubito
380 1313 418 1368 qui
428 1323 512 1368 tangat,
522 1323 543 1356 et
553 1327 600 1355 ecre

40 1389 136 1443 Despuat
145 1386 167 1428 in
176 1400 257 1428 mores:
268 1399 399 1441 penemque,
408 1401 528 1442 arcanaque
537 1385 606 1428 lumbi

40 1462 186 1511 lluncnntem,
196 1459 276 1516 populo
286 1471 403 1502 marcentes
413 1463 505 1518 pandere
515 1461 593 1503 vulvas.

40 1536 135 1578 'lu'cum
147 1535 238 1577 maxillis
248 1534 372 1576 balanatum
382 1549 475 1590 gausape
484 1545 565 1590 pectas,

40 1607 167 1664 Inguinibus
176 1621 242 1662 quere
251 1608 351 1648 detonsus
360 1607 458 1662 gurgulio
467 1612 545 1648 exstat?

40 1679 141 1734 Quinque
153 1678 269 1733 palestritae
278 1679 328 1721 licet
335 1679 380 1720 bec
389 1677 495 1732 plantaria
503 1677 592 1728 vellant,

41 1751 153 1805 mirasque
162 1761 221 1792 nates
231 1750 359 1792 labefactent
369 1749 448 1804 forcipe
458 1749 555 1799 adunca,

41 1823 90 1865 Nou
100 1832 173 1864 mmeu
182 1822 222 1864 ista
231 1821 275 1863 filix
285 1821 329 1863 ullo
339 1820 554 1863 mansuescite-otro.

69 1897 187 1946 sedimus,
195 1897 261 1951 inque
269 1896 337 1937 vicem
348 1896 468 1950 prebemus
477 1879 540 1935 crum
550 1893 640 1950 sagittis:

41 1971 125 2013 Vivitur
134 1970 174 2011 lroc
184 1979 258 2025 pacto:
268 1970 297 2011 sic
308 1970 415 2011 novimus.
425 1968 463 2010 llin
471 1968 555 2018 subter,

41 2044 125 2085 Cocum
135 2041 212 2083 vulnus
221 2041 299 2083 habes:
310 2041 346 2082 sed
355 2040 400 2082 lato
410 2039 492 2082 balteus
502 2053 554 2082 auro

42 2116 148 2171 Protegit:
161 2116 272 2166 otiosus,
281 2115 309 2156 da
318 2115 393 2165 verba,
403 2124 423 2157 et
432 2114 505 2168 dccipe
514 2127 598 2164 nervos,

42 2189 62 2230 Si
71 2197 137 2245 potes.
146 2187 258 2244 Egregium
268 2200 319 2230 cum
328 2201 363 2228 me
372 2185 450 2230 vicinia
458 2185 525 2238 dicat,

763 1088 769 1098 ι

780 1611 784 1632 ⁴

781 2073 784 2092 l
