1584 2642
37 224 116 274 troc.
261 228 379 271 sirmi
398 231 440 272 vr.
636 236 663 279 ss

36 308 117 359 Mense,
126 310 206 364 quibus
214 312 283 353 verbis
292 317 424 359 concumbat
432 332 532 374 qunque,
541 323 612 365 modis
620 335 680 379 quot,

35 381 151 424 Instantern
163 385 205 437 regi
216 386 314 427 Armenio
325 388 443 444 Parthoque
452 403 550 435 cometen

37 451 105 493 Prima
114 453 182 504 videt,
191 453 273 497 famam
284 471 424 514 rumoresque
433 462 468 503 illa
477 478 571 508 recentes

36 525 116 580 Excipit
124 527 151 568 ad
161 539 243 582 portas3
253 533 357 585 quosdam
367 532 425 577 facit.
435 538 476 577 lsse
486 539 591 594 'liphaten

36 599 58 638 ln
68 600 170 655 populos,
182 616 302 659 magnoque
311 606 354 647 illie
363 619 440 652 cuncta
449 624 500 653 arva
510 615 575 655 teneri

36 670 127 721 Diluvio,
137 684 214 715 nutare
224 676 298 725 urbes,
308 678 415 721 subsidere
425 691 502 733 terras,

9 748 10 753 ’
37 744 177 799 Quocumque
187 746 209 787 iu
220 746 292 799 trivio,
301 749 430 806 cuicumque
438 763 469 794 est
477 755 540 796 obvia
549 769 627 799 narrat.

9 902 11 907 ’
36 889 78 931 Nnc
90 899 163 933 tamen
173 892 194 933 id
204 893 280 935 vitium
291 896 357 951 magis
366 897 509 948 intolerabile,
519 914 585 955 quam
595 916 642 957 quae

36 961 119 1003 Vicinos
129 962 222 1005 humiles
233 979 314 1021 rapere,
325 977 347 1009 et
354 970 465 1011 concidere
474 971 525 1013 loris

9 1010 10 1057 l
36 1033 124 1075 Exorata
133 1035 192 1077 solet.
203 1038 258 1077 Nam
269 1038 285 1078 si
295 1037 408 1081 latratibus
416 1040 454 1083 alti

37 1106 174 1160 Rumpuntur
183 1108 265 1149 somni:
276 1108 342 1151 fustes
351 1111 394 1153 lruc
404 1112 473 1164 ocius,
483 1114 563 1171 inquit,

37 1176 129 1220 Adferte!
140 1189 204 1233 atquc
214 1180 254 1221 illis
263 1181 376 1224 dominum
382 1183 448 1239 jubet
456 1197 506 1228 ante
514 1188 584 1241 feriri,

37 1248 112 1289 Deinde
122 1264 204 1291 canem.
215 1251 286 1293 Gravis
296 1254 401 1305 obcursu,
411 1259 519 1300 teterrima
529 1261 599 1312 vultu,

9 1348 11 1375 ,
37 1320 110 1363 Balnea
119 1332 181 1365 nocte
191 1323 259 1373 suhit;
270 1324 362 1367 conchas
371 1337 392 1368 et
401 1339 469 1371 cestra
479 1333 559 1373 moveri

9 1376 10 1383 ,
38 1396 102 1437 Nocte
108 1396 183 1451 juhet;
194 1411 273 1453 magno
283 1402 360 1453 gaudet
369 1403 446 1443 sudare
457 1407 564 1457 tumultu,

9 1516 10 1519 Ἴ
38 1470 108 1523 Quum
113 1470 195 1515 ,lassata
205 1472 263 1527 gravi
273 1474 394 1518 ceciderunt
405 1478 492 1520 brachia
502 1494 581 1532 massa,

38 1534 127 1585 Callidus
137 1554 158 1585 et
166 1545 234 1587 crista
244 1545 320 1601 digitos
330 1547 437 1603 impressit
445 1552 531 1607 aliptes,

38 1616 63 1655 Ac
72 1629 186 1657 summum
196 1618 287 1659 domina
297 1618 369 1663 femur
377 1622 495 1665 exclamare
505 1626 585 1681 coegit:

9 1720 10 1743 ,
38 1687 131 1729 Convivae
141 1686 212 1729 miseri
222 1689 301 1731 interea
310 1704 429 1747 somnoque
437 1692 537 1749 fameque

39 1760 147 1815 Urgentur.
159 1762 254 1803 Tandem
263 1762 299 1804 illa
308 1765 366 1808 venit
375 1765 530 1818 rubicundulff,
541 1777 612 1811 totum

9 1820 10 1869 l
39 1834 190 1891 OEnoplrorum
200 1836 282 1889 sitiens,
292 1838 353 1893 plena
363 1841 421 1895 quod
432 1826 526 1882 tenditur
535 1856 589 1885 urna

39 1907 155 1949 Admotum
164 1908 265 1962 pedibus,
275 1911 301 1951 dc
310 1925 353 1966 quo
362 1912 465 1954 sextarius
474 1912 527 1953 alter

39 1979 125 2021 Ducitur
134 1990 184 2022 ante
193 1981 278 2032 cibum,
288 1983 385 2025 rabidam
395 1982 493 2025 facturus
501 1985 589 2026 orexim.

39 2051 91 2093 llum
102 2052 168 2102 redit,
178 2062 200 2094 et
209 2052 252 2095 loto
263 2063 342 2096 terrum
353 2054 402 2097 ierit
411 2054 523 2106 intestino,

39 2123 181 2166 lllarmoribus
191 2125 229 2166 rivi
238 2137 364 2181 properant,
373 2137 411 2169 aut
420 2126 464 2169 lata
473 2127 587 2168 Falernum

37 2194 101 2257 'Pelvis
109 2195 166 2239 olet:
178 2209 229 2237 narn
238 2196 280 2249 sie,
289 2206 392 2253 tanquam
402 2198 446 2240 alta
454 2197 477 2241 in
486 2198 543 2240 dolia
552 2198 628 2254 longus

572 2275 584 2312 5
