1584 2642
125 262 162 293 tot
304 251 328 291 D.
344 251 362 290 l.
380 250 573 292 tuvttttltts

122 415 168 432 ΊΜ
172 413 457 434 mmmmm
460 414 749 435 mwmwvww

338 544 485 595 SATIRA
502 546 535 597 X.

402 706 499 748 VOTA.

122 852 221 895 onium
230 849 253 893 in
263 851 334 902 terris,
343 863 390 906 quae
399 859 450 893 suut
459 863 472 891 a
480 848 573 891 Gadibus
582 862 651 904 usque

119 926 224 966 Auroram
234 932 255 965 et
264 925 369 978 Gangem,
379 921 442 978 pauci
451 921 573 976 dignoscere
582 932 672 975 possunt

122 996 178 1037 Vera
187 997 254 1045 bona,
264 1004 329 1050 atque
337 994 378 1035 illis
388 994 483 1037 multum
492 993 584 1044 diversa,
595 1004 679 1036 remota

122 1066 202 1109 Erroris
211 1066 297 1109 nebula.
307 1066 362 1123 Quid
372 1066 431 1107 enim
441 1065 523 1107 ratione
532 1064 636 1108 timemus

122 1142 164 1181 but
173 1138 284 1194 cupimust
293 1138 344 1192 quid
354 1147 400 1179 tam
409 1138 483 1179 dextro
492 1138 545 1193 pede
556 1137 661 1194 concipis,
672 1149 699 1182 ut
708 1149 730 1182 te

121 1214 215 1255 Cononis
223 1225 268 1252 non
277 1210 389 1265 paeniteat,
399 1212 485 1265 votique
494 1212 587 1267 peractil

120 1288 217 1329 Evertere
226 1284 301 1325 domos
311 1292 365 1325 totas
375 1284 500 1337 optantibus
509 1284 560 1340 ipsis

120 1359 144 1401 ni
154 1358 232 1401 faciles.
242 1356 345 1399 Nocitura
355 1366 415 1412 toga,
425 1358 523 1400 nocitura
532 1368 636 1414 petuntur

120 1432 202 1475 Militia.
212 1432 302 1473 Torrens
311 1430 395 1473 dicendi
405 1431 467 1486 copia
475 1432 550 1474 multis

120 1508 146 1548 Et
154 1518 194 1546 sua
202 1500 314 1544 mortifera
322 1512 353 1545 est
363 1503 470 1546 facundia.
481 1504 567 1547 Viribus
576 1504 612 1548 ille

119 1576 218 1621 Confisus
227 1574 300 1631 periit,
310 1576 483 1633 admirandisque
492 1576 582 1621 lacertis.

118 1652 159 1693 Sed
169 1649 239 1705 plures
248 1649 316 1691 nimia
325 1660 425 1707 congesta
432 1649 523 1706 pecumn
531 1665 584 1694 cura

118 1722 252 1779 strangulat,
262 1736 283 1765 et
292 1734 369 1767 cuncta
379 1737 507 1779 exsuperans
516 1724 647 1779 patrimonia
655 1740 750 1781 census,

119 1798 204 1853 Quanto
213 1796 317 1853 delphinis
327 1796 408 1841 balena
417 1797 537 1841 Britannica
546 1798 623 1853 major.

117 1872 259 1927 Temporibus
267 1873 318 1915 diris
327 1874 404 1929 igitur,
410 1873 515 1928 jussuque
524 1874 615 1916 Neronis

117 1946 237 2002 Longinum
247 1955 269 1987 ct
278 1960 366 2001 maguus
375 1948 458 1988 Senecae
466 1946 580 2000 praedivitis
588 1947 663 1990 hortos

117 2019 209 2071 Clausit,
218 2029 239 2061 et
248 2018 339 2073 egregias
348 2020 502 2061 Lateranorum
511 2018 595 2061 obsidet
602 2020 657 2061 ades

118 2094 172 2135 Tota
181 2093 269 2134 cohors:
279 2104 340 2132 rarus
350 2090 438 2133 venitin
448 2091 556 2134 coenacula
565 2091 632 2134 miles.

117 2170 186 2209 Pauca
195 2166 244 2208 licet
252 2174 322 2219 portes
332 2164 413 2219 argenti
423 2166 507 2208 vascula
516 2167 576 2222 puri,

116 2241 183 2281 Nocte
193 2238 232 2279 iter
241 2236 357 2289 ingressus,
367 2234 462 2291 gladium
472 2247 604 2293 contumque
614 2238 717 2293 timebis,
