1584 2642
114 271 140 311 7²
294 260 317 300 D.
335 260 353 299 J.
371 258 562 301 tnvuuttrs
658 264 742 305 millo.
782 285 783 310 3

113 350 164 403 Quae
173 347 236 389 nudis
245 347 334 403 longum
344 349 436 392 ostendit
445 351 560 392 cervicibus
570 364 660 402 autum,

112 419 208 461 Consulit
217 428 265 459 rnte
274 419 347 473 phalas
356 420 550 477 delphinorumque
559 422 682 472 columnas,

112 495 143 535 An
153 506 202 547 saga
212 493 308 535 vendenti
318 494 396 545 nubat,
406 508 503 550 caupone
512 494 592 537 relicto.

111 639 158 679 llnc
169 647 240 680 tamen
250 648 271 680 et
280 650 353 694 partus
362 642 456 683 subeunt
464 641 590 690 discrimen,
599 651 620 683 et
629 652 707 683 omnes
783 629 784 634 ¹

111 710 205 753 Nutricis
215 710 306 753 tolerant
315 712 402 755 fortuna
412 724 500 769 urgente
508 714 603 755 labores:
783 721 784 752 l

111 785 150 826 Sed
156 785 214 839 jacet
223 796 298 829 aurato
307 787 341 829 vix
351 788 394 829 ulla
404 801 507 844 puerpera
517 787 581 837 lecto;

111 858 205 900 Tantum
215 868 269 901 artes
278 859 354 914 hujus,
365 869 450 901 tantum
461 859 603 901 medicamina
612 870 716 914 possunt,

111 930 163 985 Quae
172 930 251 973 steriles
261 930 321 981 iacit,
331 942 395 986 atque
404 932 502 973 homines
512 929 534 972 in
542 942 614 973 ventre
624 934 735 974 necandos

111 1003 225 1043 Conducit!
235 1004 317 1052 Gaude,
327 1004 412 1054 infelix,
421 1014 485 1057 atque
494 1005 538 1058 ipse
547 1004 667 1045 bibendum

111 1074 195 1127 Porrige
204 1074 308 1128 quidquid
317 1074 368 1114 erit:
378 1088 430 1115 nam
439 1075 457 1115 si
466 1076 584 1117 distendere
593 1075 655 1117 vellet

111 1147 136 1187 Et
145 1157 218 1185 venare
228 1154 314 1185 uterum
324 1146 394 1199 pueris
404 1144 538 1197 salientibus,
547 1162 602 1190 esses

111 1217 211 1271 AEthlopis
222 1216 309 1257 fortasse
318 1226 388 1270 palen
399 1231 449 1259 mox
458 1219 543 1260 decolor
551 1220 612 1264 heres

111 1289 211 1343 lmpleret
220 1287 314 1339 tabulas,
323 1301 436 1343 nunquam
446 1289 485 1332 tibi
494 1304 557 1335 mane
567 1293 677 1338 videndus.

112 1434 210 1474 Tuauseo
221 1432 351 1487 suppositos,
361 1442 382 1475 et
391 1434 468 1489 gaudia
477 1446 567 1492 votaque
577 1451 632 1493 saepe
695 1447 700 1451 ’

112 1504 142 1546 ud
152 1516 238 1557 spurcos
248 1503 334 1558 decepta
342 1504 412 1555 lacus,
420 1516 485 1561 atque
495 1508 544 1550 inde
553 1510 629 1564 petitos

111 1574 222 1617 Pontifices
231 1574 307 1625 Salios,
317 1577 446 1619 Scaurorum
455 1580 544 1622 nomina
553 1580 607 1622 falso
683 1606 691 1617 ι

110 1651 202 1703 Corpore
212 1648 298 1690 laturos.
308 1652 352 1693 Stat
361 1653 455 1694 Fortuna
463 1654 562 1709 improba
569 1665 649 1707 noctu,

110 1721 212 1762 Adridens
221 1722 284 1762 nudis
293 1721 421 1774 infantibus;
432 1724 470 1766 hos
480 1724 536 1767 fovet
547 1726 614 1777 ulnis,

86 1779 88 1783 Ι
110 1792 242 1847 Involvitque
251 1793 311 1836 sinu:
321 1796 422 1839 domibus
433 1808 483 1840 tunc
492 1799 581 1854 porrigit
589 1799 648 1851 altis,

110 1867 262 1919 Secretumque
271 1866 310 1907 sibi
321 1868 414 1909 mimum
424 1880 484 1923 parat
493 1884 497 1907 :
506 1871 545 1911 hos
555 1880 625 1922 amat,
634 1872 668 1913 nis
677 1887 700 1915 se

111 1937 199 1993 Ingerit,
208 1947 275 1993 utque
283 1952 333 1981 suos
342 1939 413 1983 ridens
421 1941 520 1995 producit
528 1941 634 1985 alumnos.

111 2084 149 2124 llrc
159 2083 252 2137 magicos
262 2083 330 2125 adfert
339 2094 426 2133 cantus,
435 2083 469 2124 hic
478 2084 576 2127 Thessala
585 2088 658 2129 vendit

110 2154 200 2205 Philtra,
209 2155 287 2208 quibus
297 2154 380 2195 valeant
389 2164 485 2195 mentem
495 2170 568 2198 vexare
577 2159 660 2208 mariti,

111 2228 136 2261 'lt
145 2227 201 2269 solea
210 2227 293 2281 pulsare
302 2237 367 2270 nates.
377 2228 439 2285 Quod
449 2228 535 2285 desipis,
545 2231 594 2274 inde
602 2242 645 2275 est.
