1584 2642
42 230 62 261 v.
76 218 119 261 123.
274 215 393 258 struto
411 215 437 255 V.
591 223 595 231 '
640 217 667 267 47

45 306 123 351 Omnia.
133 310 176 350 Nec
186 307 278 350 minimo
287 321 337 349 sane
346 306 469 349 discrimine
479 304 555 356 refert,
614 325 617 331 ·

46 384 91 437 Quo
99 392 157 439 gestu
166 383 259 438 lepores,
270 391 291 435 et
299 394 342 437 quo
353 380 432 436 gallina
440 380 533 423 secetur!

47 529 133 571 Dormis
143 528 227 583 plenta,
236 527 295 569 velut
304 526 358 569 ictus
368 527 395 567 ab
405 524 492 567 Hercule
501 526 579 575 Crem,

46 600 70 641 Et
78 613 152 655 ponere
161 599 225 651 foris,
233 599 250 641 si
260 598 312 653 quid
321 598 433 640 tentaveris
442 610 539 652 unquam

46 669 134 721 Hiscere,
144 682 248 727 tanquam
258 671 336 711 habeas
346 670 386 712 tria
396 670 491 711 nomina
499 669 589 726 Quando
599 664 699 725 propina!

47 741 105 783 Virro
114 742 162 793 tibi,
172 742 282 797 sumitque
292 742 333 784 tuis
344 751 442 783 contacta
451 740 533 783 labellis

46 815 129 856 Pocula!
137 816 185 870 quis
195 824 289 857 vestrum
301 814 426 856 temerarius
436 826 504 867 usque
513 812 577 861 adeo,
586 811 634 867 quis

46 886 144 937 Perditus,
155 898 179 929 ut
188 886 245 928 dicat
256 886 308 941 regi,
319 886 379 927 bibet
389 884 483 926 Plurima
491 892 543 925 sunt
551 896 598 937 quae

12 1002 13 1015 χ
47 960 92 1001 Non
101 962 178 1003 audent
187 960 285 1003 homiues
294 970 380 1016 pertusa
388 959 459 1000 dicere
467 957 527 999 lens.

73 1034 214 1092 Quadraginta
224 1034 262 1077 tibi
272 1035 289 1076 si
299 1034 346 1091 quis
355 1034 419 1082 deus,
429 1041 467 1074 aut
475 1030 550 1073 similis
558 1031 591 1073 dis

47 1108 70 1150 Et
79 1107 150 1151 melior
160 1108 210 1151 fatis
218 1110 307 1151 donaret
316 1107 445 1155 homuncio.
455 1115 549 1161 quantus

48 1182 74 1223 Ex
83 1183 147 1226 nihilo
157 1184 228 1226 fieres!
239 1193 333 1239 quantus
342 1182 439 1225 Virronis
448 1180 542 1223 amicus!

48 1255 74 1297 Do
83 1256 169 1299 Trebio:
179 1270 235 1313 pone
245 1258 272 1297 ad
280 1256 394 1305 Trebium;
404 1255 446 1305 vis,
455 1267 550 1305 rursu,
559 1253 587 1295 ab
596 1252 642 1295 istis

48 1327 119 1371 ilibus?
127 1332 143 1373 O
153 1330 251 1381 nummi,
260 1329 320 1371 vohis
329 1329 387 1371 hunc
397 1337 482 1385 prestat
490 1327 608 1369 honorem!

48 1400 88 1443 Vos
96 1404 142 1445 estis
151 1416 240 1447 mirsi.
251 1404 354 1444 Dominus
364 1411 447 1451 tamen,
457 1410 478 1443 et
486 1399 569 1442 domini
578 1412 613 1441 rex

48 1473 66 1513 Si
75 1472 104 1515 vis
113 1484 136 1516 tu
146 1474 203 1524 fieri,
213 1486 294 1516 numus
303 1486 347 1516 rust
358 1486 466 1515 rirrutus
476 1485 532 1515 sum

47 1545 131 1589 tusum
141 1551 227 1595 Eurus,
237 1560 275 1587 nec
285 1545 329 1587 filia
338 1544 422 1587 dulcior
430 1545 473 1586 iilo.

49 1619 166 1662 iucundum
176 1630 196 1662 et
206 1634 283 1661 carum
290 1618 366 1661 sterilis
375 1618 427 1662 iacit
435 1632 489 1661 uxor
498 1617 600 1659 amicum.

49 1694 84 1735 Sed
94 1703 129 1737 tua
139 1708 196 1737 nunc
206 1693 285 1751 Mycale
294 1694 363 1749 pariat
371 1694 431 1743 licet,
441 1704 463 1735 et
472 1706 548 1747 pueros
558 1701 600 1733 tres

49 1764 69 1805 ln
78 1767 183 1821 gremium
192 1766 258 1821 patris
267 1764 344 1807 fundat
352 1764 429 1814 simui,
438 1765 483 1819 ipse
492 1763 576 1818 loquaci

50 1837 148 1882 Gaudebit
157 1840 220 1882 nido:
231 1839 319 1881 viridem
329 1839 417 1890 thoraca
422 1837 509 1893 jubebit

50 1909 137 1963 suferri,
146 1910 289 1967 minimasque
299 1924 375 1959 nuces,
385 1921 496 1963 assemque
505 1917 617 1963 rogatum,

51 1980 78 2024 dd
86 1998 181 2027 mensam
190 1984 272 2039 quoties
282 1983 388 2039 parasitus
398 1980 477 2022 venerit
485 1979 562 2022 inians.

76 2128 160 2172 Vrsinus
169 2129 272 2185 ancipites
282 2128 342 2184 fungi
353 2137 460 2184 ponentur
469 2126 554 2178 amieis,

13 2188 14 2191 ’
53 2200 127 2247 toletus
134 2204 235 2256 domium
244 2204 281 2247 sed
290 2202 376 2258 quidem
385 2201 486 2246 Claudius
495 2200 540 2252 edit
