<?xml version="1.0" encoding="UTF-8"?>
<!DOCTYPE html PUBLIC "-//W3C//DTD XHTML 1.0 Transitional//EN"
    "http://www.w3.org/TR/xhtml1/DTD/xhtml1-transitional.dtd">
<html xmlns="http://www.w3.org/1999/xhtml" xml:lang="en" lang="en">
 <head>
  <title>
</title>
<meta http-equiv="Content-Type" content="text/html;charset=utf-8" />
  <meta name='ocr-system' content='tesseract 3.04.00' />
  <meta name='ocr-capabilities' content='ocr_page ocr_carea ocr_par ocr_line ocrx_word'/>
</head>
<body>
  <div class='ocr_page' id='page_1' title='image "./djuniijuvenalis00rupegoog_0150.png"; bbox 0 0 1584 2642; ppageno 0'>
   <div class='ocr_carea' id='block_1_1' title="bbox 108 242 553 304">
    <p class='ocr_par' dir='ltr' id='par_1_1' title="bbox 108 242 553 304">
     <span class='ocr_line' id='line_1_1' title="bbox 108 242 553 304; baseline -0.013 -14"><span class='ocrx_word' id='word_1_1' title='bbox 108 250 146 304; x_wconf 75' lang='lat'><strong>142</strong></span> <span class='ocrx_word' id='word_1_2' title='bbox 285 242 553 288; x_wconf 68' lang='lat' dir='ltr'><strong>emovemus</strong></span> 
     </span>
    </p>
   </div>
   <div class='ocr_carea' id='block_1_2' title="bbox 105 407 791 438">
    <p class='ocr_par' dir='ltr' id='par_1_2' title="bbox 105 407 791 438">
     <span class='ocr_line' id='line_1_2' title="bbox 105 407 791 438; baseline -0.012 -3"><span class='ocrx_word' id='word_1_3' title='bbox 105 408 742 434; x_wconf 64' lang='lat' dir='ltr'><strong>vwwummmwnmwvmvmwvwvm</strong></span> <span class='ocrx_word' id='word_1_4' title='bbox 783 407 791 438; x_wconf 67' lang='lat' dir='ltr'>s</span> 
     </span>
    </p>
   </div>
   <div class='ocr_carea' id='block_1_3' title="bbox 293 542 541 594">
    <p class='ocr_par' dir='ltr' id='par_1_3' title="bbox 293 542 541 594">
     <span class='ocr_line' id='line_1_3' title="bbox 293 542 541 594; baseline -0.012 0"><span class='ocrx_word' id='word_1_5' title='bbox 293 542 443 594; x_wconf 83' lang='lat' dir='ltr'>SATIRA</span> <span class='ocrx_word' id='word_1_6' title='bbox 462 543 541 592; x_wconf 89' lang='lat' dir='ltr'>XIV.</span> 
     </span>
    </p>
   </div>
   <div class='ocr_carea' id='block_1_4' title="bbox 787 16 795 710">
    <p class='ocr_par' dir='ltr' id='par_1_4' title="bbox 787 16 795 710">
     <span class='ocr_line' id='line_1_4' title="bbox 787 16 795 710; baseline 0 0"><span class='ocrx_word' id='word_1_7' title='bbox 787 16 795 710; x_wconf 95' lang='lat' dir='ltr'><strong> </strong></span> 
     </span>
    </p>
   </div>
   <div class='ocr_carea' id='block_1_5' title="bbox 320 702 519 745">
    <p class='ocr_par' dir='ltr' id='par_1_5' title="bbox 320 702 519 745">
     <span class='ocr_line' id='line_1_5' title="bbox 320 702 519 745; baseline -0.015 -1"><span class='ocrx_word' id='word_1_8' title='bbox 320 702 519 745; x_wconf 80' lang='lat' dir='ltr'><strong>EXEMPLUM.</strong></span> 
     </span>
    </p>
   </div>
   <div class='ocr_carea' id='block_1_6' title="bbox 98 844 672 1846">
    <p class='ocr_par' dir='ltr' id='par_1_6' title="bbox 100 844 665 1482">
     <span class='ocr_line' id='line_1_6' title="bbox 102 844 662 901; baseline -0.014 -6"><span class='ocrx_word' id='word_1_9' title='bbox 102 854 201 894; x_wconf 74' lang='lat' dir='ltr'><strong>monn</strong></span> <span class='ocrx_word' id='word_1_10' title='bbox 210 859 272 900; x_wconf 81' lang='lat' dir='ltr'><strong>sunt,</strong></span> <span class='ocrx_word' id='word_1_11' title='bbox 281 849 381 897; x_wconf 69' lang='lat' dir='ltr'><strong>Porciae,</strong></span> <span class='ocrx_word' id='word_1_12' title='bbox 391 857 412 890; x_wconf 85' lang='lat' dir='ltr'><strong>et</strong></span> <span class='ocrx_word' id='word_1_13' title='bbox 421 847 480 889; x_wconf 82' lang='lat' dir='ltr'><strong>fama</strong></span> <span class='ocrx_word' id='word_1_14' title='bbox 489 845 553 901; x_wconf 72' lang='lat' dir='ltr'><strong>digna</strong></span> <span class='ocrx_word' id='word_1_15' title='bbox 563 844 662 895; x_wconf 81' lang='lat' dir='ltr'><strong>sinistra,</strong></span> 
     </span>
     <span class='ocr_line' id='line_1_7' title="bbox 102 917 624 973; baseline -0.017 -7"><span class='ocrx_word' id='word_1_16' title='bbox 102 926 127 966; x_wconf 86' lang='lat' dir='ltr'><strong>Et</strong></span> <span class='ocrx_word' id='word_1_17' title='bbox 137 923 209 966; x_wconf 84' lang='lat' dir='ltr'><strong>nitidis</strong></span> <span class='ocrx_word' id='word_1_18' title='bbox 218 922 327 964; x_wconf 81' lang='lat' dir='ltr'><strong>maculam</strong></span> <span class='ocrx_word' id='word_1_19' title='bbox 337 921 443 962; x_wconf 78' lang='lat' dir='ltr'><strong>hesuram</strong></span> <span class='ocrx_word' id='word_1_20' title='bbox 453 917 538 973; x_wconf 82' lang='lat' dir='ltr'><strong>figentia</strong></span> <span class='ocrx_word' id='word_1_21' title='bbox 548 918 624 969; x_wconf 81' lang='lat' dir='ltr'><strong>rebus,</strong></span> 
     </span>
     <span class='ocr_line' id='line_1_8' title="bbox 102 992 665 1052; baseline -0.012 -14"><span class='ocrx_word' id='word_1_22' title='bbox 102 999 154 1052; x_wconf 66' lang='lat' dir='ltr'><strong>Quae</strong></span> <span class='ocrx_word' id='word_1_23' title='bbox 164 1005 284 1037; x_wconf 88' lang='lat' dir='ltr'><strong>monstrant</strong></span> <span class='ocrx_word' id='word_1_24' title='bbox 292 995 332 1050; x_wconf 84' lang='lat' dir='ltr'>ipsi</span> <span class='ocrx_word' id='word_1_25' title='bbox 341 993 412 1049; x_wconf 84' lang='lat' dir='ltr'><strong>pueris</strong></span> <span class='ocrx_word' id='word_1_26' title='bbox 422 992 551 1045; x_wconf 86' lang='lat' dir='ltr'><strong>traduntque</strong></span> <span class='ocrx_word' id='word_1_27' title='bbox 560 998 665 1046; x_wconf 81' lang='lat' dir='ltr'><strong>parentes.</strong></span> 
     </span>
     <span class='ocr_line' id='line_1_9' title="bbox 101 1062 621 1121; baseline -0.012 -13"><span class='ocrx_word' id='word_1_28' title='bbox 101 1068 123 1108; x_wconf 87' lang='lat' dir='ltr'><strong>Si</strong></span> <span class='ocrx_word' id='word_1_29' title='bbox 132 1069 237 1108; x_wconf 85' lang='lat' dir='ltr'><strong>damnosa</strong></span> <span class='ocrx_word' id='word_1_30' title='bbox 248 1080 320 1108; x_wconf 82' lang='lat' dir='ltr'><strong>senem</strong></span> <span class='ocrx_word' id='word_1_31' title='bbox 326 1065 391 1121; x_wconf 81' lang='lat' dir='ltr'><strong>juvat</strong></span> <span class='ocrx_word' id='word_1_32' title='bbox 400 1063 456 1112; x_wconf 83' lang='lat' dir='ltr'><strong>alea,</strong></span> <span class='ocrx_word' id='word_1_33' title='bbox 466 1062 522 1104; x_wconf 88' lang='lat' dir='ltr'><strong>ludit</strong></span> <span class='ocrx_word' id='word_1_34' title='bbox 530 1070 551 1104; x_wconf 85' lang='lat' dir='ltr'><strong>et</strong></span> <span class='ocrx_word' id='word_1_35' title='bbox 560 1062 621 1103; x_wconf 82' lang='lat' dir='ltr'><strong>heres</strong></span> 
     </span>
     <span class='ocr_line' id='line_1_10' title="bbox 101 1133 652 1191; baseline -0.009 -11"><span class='ocrx_word' id='word_1_36' title='bbox 101 1137 207 1185; x_wconf 75' lang='lat' dir='ltr'><strong>Bullatus,</strong></span> <span class='ocrx_word' id='word_1_37' title='bbox 217 1149 325 1191; x_wconf 85' lang='lat' dir='ltr'><strong>parvoque</strong></span> <span class='ocrx_word' id='word_1_38' title='bbox 334 1136 409 1177; x_wconf 87' lang='lat' dir='ltr'><strong>eadem</strong></span> <span class='ocrx_word' id='word_1_39' title='bbox 419 1144 490 1177; x_wconf 88' lang='lat' dir='ltr'><strong>movet</strong></span> <span class='ocrx_word' id='word_1_40' title='bbox 499 1147 559 1176; x_wconf 79' lang='lat' dir='ltr'><strong>arma</strong></span> <span class='ocrx_word' id='word_1_41' title='bbox 570 1133 652 1176; x_wconf 80' lang='lat' dir='ltr'>fritillo.</span> 
     </span>
     <span class='ocr_line' id='line_1_11' title="bbox 102 1208 632 1264; baseline -0.008 -11"><span class='ocrx_word' id='word_1_42' title='bbox 102 1214 146 1254; x_wconf 89' lang='lat' dir='ltr'><strong>Nec</strong></span> <span class='ocrx_word' id='word_1_43' title='bbox 154 1210 230 1253; x_wconf 86' lang='lat' dir='ltr'><strong>melius</strong></span> <span class='ocrx_word' id='word_1_44' title='bbox 239 1211 265 1251; x_wconf 84' lang='lat' dir='ltr'><strong>de</strong></span> <span class='ocrx_word' id='word_1_45' title='bbox 274 1224 296 1252; x_wconf 75' lang='lat' dir='ltr'><strong>oe</strong></span> <span class='ocrx_word' id='word_1_46' title='bbox 305 1209 407 1264; x_wconf 88' lang='lat' dir='ltr'><strong>cuiquam</strong></span> <span class='ocrx_word' id='word_1_47' title='bbox 417 1223 500 1264; x_wconf 83' lang='lat' dir='ltr'><strong>sperare</strong></span> <span class='ocrx_word' id='word_1_48' title='bbox 510 1208 632 1264; x_wconf 90' lang='lat' dir='ltr'><strong>propinquo</strong></span> 
     </span>
     <span class='ocr_line' id='line_1_12' title="bbox 101 1280 603 1336; baseline -0.006 -11"><span class='ocrx_word' id='word_1_49' title='bbox 101 1282 207 1325; x_wconf 83' lang='lat' dir='ltr'><strong>Concedet</strong></span> <span class='ocrx_word' id='word_1_50' title='bbox 211 1280 308 1336; x_wconf 76' lang='lat' dir='ltr'><strong>juvenis¹</strong></span> <span class='ocrx_word' id='word_1_51' title='bbox 316 1280 354 1334; x_wconf 89' lang='lat' dir='ltr'><strong>qui</strong></span> <span class='ocrx_word' id='word_1_52' title='bbox 363 1281 436 1321; x_wconf 88' lang='lat' dir='ltr'><strong>radere</strong></span> <span class='ocrx_word' id='word_1_53' title='bbox 446 1281 521 1322; x_wconf 89' lang='lat' dir='ltr'><strong>tubera</strong></span> <span class='ocrx_word' id='word_1_54' title='bbox 531 1289 603 1332; x_wconf 76' lang='lat' dir='ltr'><strong>terre,</strong></span> 
     </span>
     <span class='ocr_line' id='line_1_13' title="bbox 101 1351 588 1408; baseline -0.006 -11"><span class='ocrx_word' id='word_1_55' title='bbox 101 1355 199 1397; x_wconf 85' lang='lat' dir='ltr'><strong>Boletum</strong></span> <span class='ocrx_word' id='word_1_56' title='bbox 208 1353 306 1403; x_wconf 83' lang='lat' dir='ltr'><strong>condire,</strong></span> <span class='ocrx_word' id='word_1_57' title='bbox 315 1362 337 1394; x_wconf 85' lang='lat' dir='ltr'><strong>et</strong></span> <span class='ocrx_word' id='word_1_58' title='bbox 347 1353 423 1394; x_wconf 88' lang='lat' dir='ltr'><strong>eodem</strong></span> <span class='ocrx_word' id='word_1_59' title='bbox 430 1351 481 1408; x_wconf 88' lang='lat' dir='ltr'><strong>jure</strong></span> <span class='ocrx_word' id='word_1_60' title='bbox 490 1362 588 1395; x_wconf 84' lang='lat' dir='ltr'><strong>natantes</strong></span> 
     </span>
     <span class='ocr_line' id='line_1_14' title="bbox 100 1424 611 1482; baseline -0.006 -13"><span class='ocrx_word' id='word_1_61' title='bbox 100 1429 193 1482; x_wconf 70' lang='lat' dir='ltr'><strong>Mergere</strong></span> <span class='ocrx_word' id='word_1_62' title='bbox 203 1424 303 1467; x_wconf 81' lang='lat' dir='ltr'><strong>ficedulas</strong></span> <span class='ocrx_word' id='word_1_63' title='bbox 312 1424 396 1474; x_wconf 80' lang='lat' dir='ltr'>didicit,</span> <span class='ocrx_word' id='word_1_64' title='bbox 406 1425 513 1467; x_wconf 84' lang='lat' dir='ltr'><strong>nebulone</strong></span> <span class='ocrx_word' id='word_1_65' title='bbox 523 1433 611 1481; x_wconf 87' lang='lat' dir='ltr'><strong>parente</strong></span> 
     </span>
    </p>

    <p class='ocr_par' dir='ltr' id='par_1_7' title="bbox 98 1496 672 1846">
     <span class='ocr_line' id='line_1_15' title="bbox 98 1496 672 1553; baseline -0.002 -11"><span class='ocrx_word' id='word_1_66' title='bbox 98 1502 124 1542; x_wconf 88' lang='lat' dir='ltr'><strong>Et</strong></span> <span class='ocrx_word' id='word_1_67' title='bbox 133 1512 187 1541; x_wconf 87' lang='lat' dir='ltr'><strong>cana</strong></span> <span class='ocrx_word' id='word_1_68' title='bbox 196 1506 329 1540; x_wconf 76' lang='lat' dir='ltr'><strong>monstrante</strong></span> <span class='ocrx_word' id='word_1_69' title='bbox 338 1496 394 1552; x_wconf 67' lang='lat' dir='ltr'><strong>gula.</strong></span> <span class='ocrx_word' id='word_1_70' title='bbox 405 1499 477 1553; x_wconf 80' lang='lat' dir='ltr'><strong>Quum</strong></span> <span class='ocrx_word' id='word_1_71' title='bbox 487 1497 591 1552; x_wconf 84' lang='lat' dir='ltr'><strong>septimus</strong></span> <span class='ocrx_word' id='word_1_72' title='bbox 600 1511 672 1541; x_wconf 79' lang='lat' dir='ltr'><strong>annus</strong></span> 
     </span>
     <span class='ocr_line' id='line_1_16' title="bbox 99 1569 645 1626; baseline -0.005 -12"><span class='ocrx_word' id='word_1_73' title='bbox 99 1570 215 1614; x_wconf 78' lang='lat' dir='ltr'><strong>Transien&#39;t</strong></span> <span class='ocrx_word' id='word_1_74' title='bbox 223 1583 301 1626; x_wconf 86' lang='lat' dir='ltr'><strong>puero,</strong></span> <span class='ocrx_word' id='word_1_75' title='bbox 311 1570 409 1612; x_wconf 89' lang='lat' dir='ltr'><strong>nondum</strong></span> <span class='ocrx_word' id='word_1_76' title='bbox 419 1569 478 1611; x_wconf 88' lang='lat' dir='ltr'><strong>omni</strong></span> <span class='ocrx_word' id='word_1_77' title='bbox 488 1570 550 1611; x_wconf 87' lang='lat' dir='ltr'><strong>dente</strong></span> <span class='ocrx_word' id='word_1_78' title='bbox 561 1578 645 1620; x_wconf 84' lang='lat' dir='ltr'><strong>renato,</strong></span> 
     </span>
     <span class='ocr_line' id='line_1_17' title="bbox 99 1641 643 1696; baseline -0.007 -10"><span class='ocrx_word' id='word_1_79' title='bbox 99 1643 200 1686; x_wconf 79' lang='lat' dir='ltr'><strong>Barbatus</strong></span> <span class='ocrx_word' id='word_1_80' title='bbox 210 1642 260 1684; x_wconf 87' lang='lat' dir='ltr'><strong>iicet</strong></span> <span class='ocrx_word' id='word_1_81' title='bbox 268 1643 381 1684; x_wconf 80' lang='lat' dir='ltr'><strong>admoveas</strong></span> <span class='ocrx_word' id='word_1_82' title='bbox 391 1641 450 1682; x_wconf 85' lang='lat' dir='ltr'><strong>mille</strong></span> <span class='ocrx_word' id='word_1_83' title='bbox 459 1641 509 1682; x_wconf 86' lang='lat' dir='ltr'><strong>inde</strong></span> <span class='ocrx_word' id='word_1_84' title='bbox 519 1641 643 1696; x_wconf 71' lang='lat' dir='ltr'><strong>magistros,</strong></span> 
     </span>
     <span class='ocr_line' id='line_1_18' title="bbox 99 1714 588 1772; baseline -0.006 -13"><span class='ocrx_word' id='word_1_85' title='bbox 99 1716 152 1759; x_wconf 78' lang='lat' dir='ltr'><strong>nine</strong></span> <span class='ocrx_word' id='word_1_86' title='bbox 161 1716 263 1767; x_wconf 81' lang='lat' dir='ltr'><strong>totidem,</strong></span> <span class='ocrx_word' id='word_1_87' title='bbox 272 1717 344 1772; x_wconf 87' lang='lat' dir='ltr'><strong>cupiet</strong></span> <span class='ocrx_word' id='word_1_88' title='bbox 352 1714 412 1757; x_wconf 87' lang='lat' dir='ltr'><strong>lauto</strong></span> <span class='ocrx_word' id='word_1_89' title='bbox 421 1727 503 1756; x_wconf 86' lang='lat' dir='ltr'><strong>coenare</strong></span> <span class='ocrx_word' id='word_1_90' title='bbox 512 1723 588 1769; x_wconf 89' lang='lat' dir='ltr'><strong>paratu</strong></span> 
     </span>
     <span class='ocr_line' id='line_1_19' title="bbox 99 1787 612 1846; baseline -0.008 -14"><span class='ocrx_word' id='word_1_91' title='bbox 99 1791 193 1846; x_wconf 86' lang='lat' dir='ltr'><strong>Semper,</strong></span> <span class='ocrx_word' id='word_1_92' title='bbox 203 1800 224 1833; x_wconf 87' lang='lat' dir='ltr'><strong>et</strong></span> <span class='ocrx_word' id='word_1_93' title='bbox 232 1805 246 1832; x_wconf 86' lang='lat' dir='ltr'><strong>a</strong></span> <span class='ocrx_word' id='word_1_94' title='bbox 255 1803 333 1846; x_wconf 72' lang='lat' dir='ltr'><strong>magna</strong></span> <span class='ocrx_word' id='word_1_95' title='bbox 341 1803 386 1832; x_wconf 90' lang='lat' dir='ltr'><strong>non</strong></span> <span class='ocrx_word' id='word_1_96' title='bbox 395 1790 523 1844; x_wconf 74' lang='lat' dir='ltr'><strong>degenerare</strong></span> <span class='ocrx_word' id='word_1_97' title='bbox 532 1787 612 1830; x_wconf 85' lang='lat' dir='ltr'><strong>culina.</strong></span> 
     </span>
    </p>
   </div>
   <div class='ocr_carea' id='block_1_7' title="bbox 97 1937 700 2208">
    <p class='ocr_par' dir='ltr' id='par_1_8' title="bbox 98 1937 700 2138">
     <span class='ocr_line' id='line_1_20' title="bbox 99 1937 692 1992; baseline 0.002 -13"><span class='ocrx_word' id='word_1_98' title='bbox 99 1937 176 1979; x_wconf 74' lang='lat' dir='ltr'><strong>Mirm</strong></span> <span class='ocrx_word' id='word_1_99' title='bbox 186 1937 285 1980; x_wconf 84' lang='lat' dir='ltr'><strong>animum</strong></span> <span class='ocrx_word' id='word_1_100' title='bbox 294 1948 315 1981; x_wconf 88' lang='lat' dir='ltr'><strong>et</strong></span> <span class='ocrx_word' id='word_1_101' title='bbox 324 1952 394 1980; x_wconf 81' lang='lat' dir='ltr'><strong>mores</strong></span> <span class='ocrx_word' id='word_1_102' title='bbox 404 1937 492 1980; x_wconf 85' lang='lat' dir='ltr'><strong>modicis</strong></span> <span class='ocrx_word' id='word_1_103' title='bbox 502 1937 609 1978; x_wconf 77' lang='lat' dir='ltr'><strong>erroribus</strong></span> <span class='ocrx_word' id='word_1_104' title='bbox 618 1950 692 1992; x_wconf 69' lang='lat' dir='ltr'><strong>equos</strong></span> 
     </span>
     <span class='ocr_line' id='line_1_21' title="bbox 98 2011 700 2068; baseline 0 -16"><span class='ocrx_word' id='word_1_105' title='bbox 98 2011 204 2065; x_wconf 68' lang='lat' dir='ltr'><strong>Praecipit,</strong></span> <span class='ocrx_word' id='word_1_106' title='bbox 212 2021 277 2066; x_wconf 82' lang='lat' dir='ltr'><strong>atque</strong></span> <span class='ocrx_word' id='word_1_107' title='bbox 285 2013 368 2054; x_wconf 87' lang='lat' dir='ltr'><strong>animas</strong></span> <span class='ocrx_word' id='word_1_108' title='bbox 377 2025 488 2068; x_wconf 71' lang='lat' dir='ltr'><strong>servornm</strong></span> <span class='ocrx_word' id='word_1_109' title='bbox 497 2020 518 2054; x_wconf 88' lang='lat' dir='ltr'><strong>et</strong></span> <span class='ocrx_word' id='word_1_110' title='bbox 527 2024 617 2066; x_wconf 80' lang='lat' dir='ltr'><strong>corpora</strong></span> <span class='ocrx_word' id='word_1_111' title='bbox 625 2020 700 2054; x_wconf 79' lang='lat' dir='ltr'><strong>nostra</strong></span> 
     </span>
     <span class='ocr_line' id='line_1_22' title="bbox 99 2079 634 2138; baseline 0.004 -17"><span class='ocrx_word' id='word_1_112' title='bbox 99 2079 188 2122; x_wconf 75' lang='lat' dir='ltr'><strong>Materia</strong></span> <span class='ocrx_word' id='word_1_113' title='bbox 198 2092 294 2124; x_wconf 83' lang='lat' dir='ltr'><strong>constare</strong></span> <span class='ocrx_word' id='word_1_114' title='bbox 303 2092 365 2138; x_wconf 87' lang='lat' dir='ltr'><strong>putat</strong></span> <span class='ocrx_word' id='word_1_115' title='bbox 373 2083 503 2138; x_wconf 84' lang='lat' dir='ltr'><strong>paribusque</strong></span> <span class='ocrx_word' id='word_1_116' title='bbox 512 2081 634 2124; x_wconf 82' lang='lat' dir='ltr'><strong>elementist</strong></span> 
     </span>
    </p>

    <p class='ocr_par' dir='ltr' id='par_1_9' title="bbox 97 2150 603 2208">
     <span class='ocr_line' id='line_1_23' title="bbox 97 2150 603 2208; baseline 0.008 -17"><span class='ocrx_word' id='word_1_117' title='bbox 97 2150 129 2192; x_wconf 74' lang='lat' dir='ltr'><strong>An</strong></span> <span class='ocrx_word' id='word_1_118' title='bbox 138 2151 210 2193; x_wconf 80' lang='lat' dir='ltr'><strong>saevire</strong></span> <span class='ocrx_word' id='word_1_119' title='bbox 218 2154 280 2196; x_wconf 77' lang='lat' dir='ltr'><strong>docet</strong></span> <span class='ocrx_word' id='word_1_120' title='bbox 288 2154 382 2203; x_wconf 77' lang='lat' dir='ltr'><strong>Rutilus,</strong></span> <span class='ocrx_word' id='word_1_121' title='bbox 392 2153 429 2208; x_wconf 88' lang='lat' dir='ltr'><strong>qui</strong></span> <span class='ocrx_word' id='word_1_122' title='bbox 439 2155 516 2208; x_wconf 75' lang='lat' dir='ltr'><strong>gaudet</strong></span> <span class='ocrx_word' id='word_1_123' title='bbox 526 2154 603 2196; x_wconf 82' lang='lat' dir='ltr'><strong>acerbo</strong></span> 
     </span>
    </p>
   </div>
   <div class='ocr_carea' id='block_1_8' title="bbox 96 2219 618 2280">
    <p class='ocr_par' dir='ltr' id='par_1_10' title="bbox 96 2219 618 2280">
     <span class='ocr_line' id='line_1_24' title="bbox 96 2219 618 2280; baseline 0.008 -19"><span class='ocrx_word' id='word_1_124' title='bbox 96 2219 210 2276; x_wconf 73' lang='lat' dir='ltr'><strong>Plagarum</strong></span> <span class='ocrx_word' id='word_1_125' title='bbox 218 2224 320 2278; x_wconf 82' lang='lat' dir='ltr'><strong>strepitu,</strong></span> <span class='ocrx_word' id='word_1_126' title='bbox 329 2234 351 2267; x_wconf 84' lang='lat' dir='ltr'><strong>et</strong></span> <span class='ocrx_word' id='word_1_127' title='bbox 359 2222 443 2267; x_wconf 84' lang='lat' dir='ltr'><strong>nullam</strong></span> <span class='ocrx_word' id='word_1_128' title='bbox 452 2225 522 2268; x_wconf 80' lang='lat' dir='ltr'><strong>sirena</strong></span> <span class='ocrx_word' id='word_1_129' title='bbox 531 2223 618 2280; x_wconf 76' lang='lat' dir='ltr'><strong>flagellis</strong></span> 
     </span>
    </p>
   </div>
   <div class='ocr_carea' id='block_1_9' title="bbox 1539 0 1562 2642">
    <p class='ocr_par' dir='ltr' id='par_1_11' title="bbox 1539 0 1562 2642">
     <span class='ocr_line' id='line_1_25' title="bbox 1539 0 1562 2642; baseline 0 0"><span class='ocrx_word' id='word_1_130' title='bbox 1539 0 1562 2642; x_wconf 95' lang='lat' dir='ltr'><strong> </strong></span> 
     </span>
    </p>
   </div>
  </div>
 </body>
</html>
