1584 2642
13 260 28 290 r.
41 248 81 300 34.
259 247 381 291 sarira
397 249 414 291 r.
611 265 649 306 ,7,

13 337 137 394 Phyllidas,
146 337 281 396 Hypsipyles,
290 349 365 384 vatum
375 349 396 383 et
405 339 507 396 plorabile
516 340 595 398 siquid

13 413 117 468 Eiiquat,
127 423 150 456 et
159 424 232 456 tenero
240 415 364 472 supplantat
372 416 437 458 verba
446 414 524 471 palato,

13 489 138 531 Adsensere
147 488 193 530 viri
203 490 266 531 Nune
275 503 320 532 nou
328 489 381 532 ciuis
390 489 426 532 ille
433 499 501 546 poete

13 560 88 604 Felix!
96 574 144 603 nou
152 560 220 604 levior
228 563 302 618 cippus
311 576 369 605 uunc
378 563 484 619 imprimit
493 569 552 606 ossa!

13 635 118 678 Laudant
127 636 220 678 convivae
229 650 287 678 uunc
296 650 340 678 nou
349 650 361 678 e
370 637 471 679 manibus
479 637 532 690 iilia,

13 709 84 749 Nunc
94 721 161 749 none
171 707 267 758 tumulo,
278 706 430 763 fortunataque
440 708 522 760 favilia,

13 781 143 822 Nascentur
152 778 225 820 violat
232 778 305 830 Rides,
314 779 355 830 ait,
364 789 386 822 et
394 780 459 821 nimie
470 780 531 822 uncis

14 852 115 894 Naribus
124 851 229 908 indulges.
237 853 270 893 Lu
278 851 329 903 erit,
338 852 376 906 qui
384 851 437 895 velle
446 863 529 896 recuset

14 929 46 970 os
55 925 133 981 populi
143 926 256 975 meruisse3
265 934 288 967 et
296 926 359 968 cedro
368 926 433 982 digna
441 925 536 979 locutus,
617 947 619 952 ·

15 999 128 1054 Linquere
138 1011 178 1039 nec
186 998 297 1040 scombros
306 999 425 1041 metuentia
434 999 541 1052 carmina,
549 1013 589 1044 neo
598 1001 659 1044 thur?

17 1072 125 1132 Quisquis
133 1085 155 1114 ee
164 1085 188 1122 o,
198 1072 264 1113 modo
272 1086 338 1128 quem
347 1087 372 1115 ex
381 1073 470 1115 adverso
479 1074 548 1116 dicere
557 1073 608 1127 ieci¹

19 1147 72 1188 Non
82 1157 134 1199 eqo,
144 1156 195 1184 cum
205 1143 286 1195 scribo,
295 1144 313 1186 si
322 1144 378 1187 forte
386 1145 440 1200 quid
448 1147 518 1202 aptius
527 1147 583 1199 exit,

18 1219 115 1277 Quando
124 1217 165 1260 hoc
174 1231 222 1260 rara
231 1219 275 1261 avis
283 1229 325 1272 est,
334 1219 413 1275 siquid
423 1229 495 1264 tamen
504 1222 575 1277 aptius
584 1222 638 1273 erit,

19 1290 116 1335 Laudari
126 1299 221 1333 metuam
230 1307 235 1332 :
245 1305 314 1347 neque
323 1292 381 1334 euim
390 1292 445 1334 mihi
453 1307 531 1336 cornea
539 1293 595 1336 fibra
603 1303 646 1336 est:

20 1365 64 1408 Sed
74 1362 126 1404 recti
136 1361 244 1417 finemque
253 1373 427 1419 extremumque,
436 1378 480 1407 ease
490 1379 564 1408 recuso

20 1440 87 1492 Euqe
96 1444 170 1485 tuum,
179 1443 201 1477 et
209 1434 271 1476 boue.
280 1436 337 1477 Nam
346 1436 401 1477 belle
410 1435 461 1488 hoc,
471 1447 545 1479 excute
556 1446 632 1480 totum.

52 1505 113 1565 Quid
121 1519 164 1547 nou
173 1506 232 1548 intus
240 1506 317 1548 habeti
326 1509 375 1548 Non
384 1507 420 1548 hie
430 1519 461 1550 est
470 1507 518 1551 ilias
527 1509 570 1550 itti

23 1581 92 1626 Ebria
101 1587 194 1620 veratro:
204 1591 249 1619 nou
257 1577 275 1618 si
284 1590 327 1631 qua
335 1576 423 1633 elegidia
433 1580 493 1622 crudi

23 1656 139 1699 uictarum
147 1664 254 1707 procerem
263 1663 307 1691 non
317 1649 422 1704 quidquid
431 1650 521 1704 denique
531 1650 589 1692 lectis

24 1724 133 1770 Scribitur
140 1722 163 1765 iu
171 1722 248 1764 citreis.
257 1720 355 1763 calidum
365 1720 405 1762 scis
414 1734 492 1775 ponere
502 1733 590 1762 sumen:

27 1799 76 1843 Scis
84 1795 183 1838 comitem
193 1791 330 1836 horridulum
340 1790 390 1832 trita
398 1791 479 1832 donare
488 1790 585 1832 iacerua:

27 1875 68 1921 Et,
78 1880 161 1916 verum,
171 1865 252 1921 inquis,
261 1877 323 1914 amo;
332 1874 408 1903 verum
418 1861 471 1903 mihi
480 1861 545 1903 dicito
554 1863 581 1904 de
589 1876 631 1905 me.

28 1944 76 2001 Qui
84 1945 143 1996 poter
151 1939 182 1981 via
191 1938 274 1980 dicam?
283 1935 380 1992 nugaris,
390 1948 441 1976 cum
452 1934 501 1986 tibi,
511 1934 579 1988 calve,

29 2013 118 2070 Pinguis
126 2009 257 2066 aqualiculus
266 2019 371 2065 propenso
380 2007 503 2062 sesquipede
512 2015 585 2050 exstet.

28 2093 48 2132 0
58 2090 119 2136 lane,
128 2099 140 2126 a
149 2095 207 2139 tergo
216 2096 281 2137 quem
291 2081 351 2123 nulia
359 2080 441 2122 ciconia
450 2079 525 2135 pinsit,

31 2163 81 2205 Nec
90 2171 164 2200 manus
173 2155 280 2198 auriculas
289 2153 372 2195 imitata
381 2161 413 2194 est
422 2151 507 2194 mobilis
517 2150 587 2203 albas,

34 2237 81 2278 Nec
89 2231 173 2288 iiuquae,
182 2237 291 2283 quantum
300 2225 358 2270 sitiat
367 2224 425 2268 canit
435 2223 513 2282 ipuia,
522 2232 592 2266 tanta.

563 2309 587 2336 ιι
