1584 2642
29 249 46 277 v.
61 236 113 277 35⁵.
256 235 376 278 struit
394 228 436 277 vr.
636 238 664 278 ss

29 326 78 367 ttae
90 332 164 366 tamen
174 324 255 379 urgenti
266 335 362 379 superest
371 326 524 381 quodcumque
533 326 628 380 paterni,

29 395 128 438 Levibus
137 394 222 437 athletis
231 409 256 438 ac
264 410 314 438 rasa
324 396 440 439 novissima
448 398 522 439 donst

30 467 106 511 Multis
116 481 149 509 res
158 477 248 522 angusti
257 469 328 519 domi;
337 470 373 510 sed
383 469 443 511 nullo
451 471 557 527 pudorem

30 542 166 597 Paupertatis
174 542 250 592 hahet,
260 556 300 585 nec
309 557 331 585 se
341 544 433 586 metitur
441 545 468 585 ud
477 543 551 594 illum,

31 618 103 672 Quem
108 614 348 671 dedithaec,posullque
353 618 451 659 modum.
457 619 539 659 Tamen
545 618 597 660 utile
602 618 655 674 quid
659 618 693 670 sit,

31 689 168 744 Prospiciunt
176 688 291 743 aliquando
301 690 350 741 viri5
360 690 483 746 frigusque,
493 691 628 747 famemque,

32 763 132 805 Formica
142 764 230 805 taudem
239 764 328 819 quidam
338 778 440 820 expavere
449 766 557 819 magistra.

32 834 123 890 Prodiga
132 847 177 875 non
187 835 251 877 sentit
259 846 385 891 pereuntem
394 835 476 877 femina
485 848 587 885 censum,-

33 913 69 959 lt,
79 906 140 951 velut
149 909 252 952 erlrsusta
261 910 365 953 recidivus
375 909 467 966 pullulet
476 923 525 951 aron

34 984 156 1030 Nummus,
166 990 188 1022 et
196 994 209 1021 e
218 980 280 1036 pleno
291 980 379 1023 tolletur
387 992 473 1035 semper
481 978 572 1030 oceno,⁸

34 1053 84 1093 Non
94 1064 192 1106 unquam
202 1061 300 1107 reputat,
308 1052 384 1107 quanti
392 1052 433 1093 sibi
443 1052 521 1108 gaudia
529 1062 633 1095 constent.

36 1202 93 1243 Surrr
102 1216 157 1255 quos
166 1201 261 1243 eunuchi
270 1201 378 1252 imbelles,
388 1216 413 1243 ac
422 1202 496 1245 mollio
506 1216 589 1257 semper

36 1274 116 1324 Oscula,
121 1273 237 1326 delectent,
247 1284 268 1317 et
278 1275 396 1329 desperatio
407 1276 488 1326 barbe,

36 1350 60 1390 Et
69 1349 127 1403 quod
136 1348 234 1390 abortivo
244 1362 287 1390 uon
297 1358 329 1390 est
338 1362 398 1403 opus.
408 1347 447 1390 llla
456 1349 553 1404 voluptas

35 1425 125 1464 Summa
135 1434 219 1473 tamen,
228 1423 286 1478 quod
293 1422 341 1478 jam
352 1422 420 1465 calida
429 1433 514 1465 matura
521 1422 612 1478 juverim

36 1496 124 1552 lnguina
136 1497 251 1539 traduntur
261 1497 359 1547 medicis,
366 1497 415 1552 jam
424 1498 507 1553 pectine
517 1497 586 1552 nigro.

36 1570 89 1621 Ergo
98 1578 240 1623 exspectatos,
249 1583 274 1610 ac
280 1568 352 1624 jussos
361 1583 454 1611 crescere
463 1569 560 1625 primurn

37 1640 164 1687 Testiculos,
174 1650 288 1696 postquam
299 1650 410 1695 coeperunt
418 1655 462 1683 esse
471 1641 568 1687 bilibres,

38 1714 136 1755 Tonsoris
145 1714 227 1755 domno
237 1723 323 1756 tuntum
333 1716 388 1769 rapit
397 1715 528 1756 Heliodorus.

37 1786 169 1841 Conspicuus
178 1785 251 1841 longe,
261 1786 386 1841 cunctisque
395 1785 496 1827 notabilis
505 1784 571 1826 intrat

38 1858 122 1908 Balnea,
133 1871 172 1899 nec
182 1858 247 1899 dubie
255 1859 366 1901 custodem
376 1858 424 1899 vitis
434 1866 455 1898 et
464 1856 521 1897 horti

38 1932 147 1981 Provocat,
157 1945 170 1972 a
180 1931 267 1973 domina
278 1930 346 1974 lactus
357 1930 431 1985 spado.
440 1927 537 1970 Dormiat
545 1926 580 1969 ille

37 1990 88 2046 Cum
99 2004 201 2046 domina:
211 2006 247 2047 sed
258 2014 282 2047 tu
288 2004 335 2060 jam
344 2005 438 2051 durum,
447 2004 557 2050 Postume,
564 2000 653 2055 jamque

38 2078 52 2119 Τ
53 2079 179 2121 ondendum
188 2079 289 2121 eunucho
297 2078 409 2119 Bromium
418 2074 554 2119 committere
562 2073 613 2117 noli.

38 2222 57 2263 Sr
67 2223 146 2277 gaudet
154 2230 231 2273 cantu,
241 2221 321 2264 nullius
331 2219 398 2263 fibula
406 2221 470 2262 durat
