1584 2642
115 231 155 260 rio
292 219 315 258 Ι).
333 219 352 258 J.
369 215 562 258 IUVENALIS
664 227 752 257 mco.

111 305 249 361 Frangendus
257 303 335 346 misem
344 302 429 358 gingiva
437 301 498 358 panis
508 301 585 344 inermi
593 317 599 342 :

111 381 181 435 Usque
189 380 243 422 adeo
251 378 319 435 gravis
327 377 399 426 uxori,
409 376 520 432 natisque,
530 376 625 432 sibique,
641 399 644 406 ι

112 452 139 493 Ut
143 450 247 507 captatori
257 459 341 492 moveat
351 449 437 492 fastidia
445 451 517 492 Cosso.

112 594 162 634 Nori
171 593 246 634 eadem
255 592 299 635 vini
307 602 372 648 atquc
380 593 435 643 cibi,
445 601 543 648 torpente
553 591 637 648 palato,

112 665 206 708 Gaudia:
216 680 268 708 nam
276 667 399 724 coitdsjam
409 667 472 722 longa
480 666 570 717 obiiri03
580 665 613 708 vei
622 665 640 707 si

111 740 208 793 coneris,
215 740 274 797 jacet
281 742 370 798 exiguus
380 756 431 784 cum
442 741 520 783 ramice
529 753 618 791 nervus,

111 816 148 865 Et,
157 816 256 871 quamvis
265 826 310 859 tota
319 815 418 872 palpetur
426 825 499 864 nocte,
506 813 594 869 jacebit.

112 891 171 930 Anne
180 889 261 945 aliquid
269 904 354 946 sperare
363 898 432 946 potest
441 889 485 931 nec
493 887 586 943 inguinis
595 887 645 942 aegri

112 959 217 1002 Canities?
224 962 288 1015 quid,
298 962 357 1016 quod
366 961 444 1003 merito
452 969 549 1015 suspecta
559 959 625 1001 libido
634 967 677 1009 est,

783 683 786 706 i

112 1033 164 1087 Quae
173 1033 279 1074 Venerem
287 1033 375 1076 affectat
383 1035 429 1076 sine
437 1033 530 1075 viribus?
539 1031 625 1088 Adspice
635 1032 702 1088 partis
785 1035 786 1092 i

113 1106 177 1146 Nunc
186 1105 292 1147 damnum
301 1105 401 1148 alterius:
412 1119 462 1148 nam
472 1119 519 1161 qua
528 1115 627 1148 cantante
636 1105 748 1160 voluptas,
785 1097 786 1138 i

113 1177 144 1219 Sit
153 1177 202 1219 licet
210 1177 312 1228 eximius,
321 1179 448 1230 citharoedo,
459 1180 502 1222 sive
511 1180 610 1232 Seleuco,

113 1253 139 1293 Et
147 1251 227 1306 quihus
235 1259 311 1292 aurata
320 1264 368 1292 mos
377 1263 409 1294 est
416 1252 496 1308 fulgere
505 1254 602 1296 lacernat

112 1323 169 1378 Quid
178 1321 253 1374 refert,
264 1318 338 1377 magni
346 1323 417 1365 sedeat
425 1339 467 1379 qus
477 1336 537 1380 parte
547 1327 634 1376 theatri,

113 1394 155 1448 Qui
165 1394 199 1436 vix
208 1393 325 1435 cornicines
335 1394 433 1438 exaudiet
442 1406 506 1450 atque
516 1399 621 1440 tubarum

115 1467 249 1507 Goncentnst
256 1465 356 1507 Clamore
365 1479 419 1521 opus
429 1477 471 1518 est,
481 1477 506 1511 ut
515 1469 593 1512 sentiat
602 1469 660 1512 auris

109 1541 182 1596 ¹Quem
192 1538 250 1582 dicat
258 1540 338 1582 venisse
347 1554 413 1596 puer,
423 1553 477 1598 quot
485 1545 573 1587 nunciet
582 1545 652 1587 horas.

112 1679 227 1719 Ριιτιιιι
236 1677 341 1721 minimus
350 1678 420 1735 gelido
425 1680 473 1736 jam
483 1695 572 1737 corpore
579 1685 666 1739 sanantis

114 1751 179 1792 Febrc
188 1748 243 1794 calet
251 1751 308 1805 sola;
319 1752 445 1796 circumsilit
454 1754 540 1810 agmine
549 1755 607 1798 facto

112 1824 239 1867 Morborum
247 1839 313 1870 omne
321 1840 399 1883 genus,
408 1842 502 1885 quornm
511 1829 528 1870 si
538 1829 628 1873 nomina
636 1844 732 1886 quaeras,
780 1827 786 1844 “

113 1897 220 1940 Promtius
229 1901 341 1954 expediam
350 1911 405 1957 quot
413 1902 517 1944 amaverit
524 1903 600 1959 Hippia
609 1906 717 1960 moechos,
785 1905 786 1908 ’

114 1971 172 2026 Quot
181 1972 296 2015 Themison
305 1985 486 2030 agrosautumno
496 1977 598 2020 occiderit
608 1993 663 2031 uno,

112 2042 170 2096 Quot
178 2043 257 2094 Basilus
267 2045 347 2098 socios,
356 2057 410 2101 quot
419 2047 608 2105 circumscripserit
616 2051 692 2094 Hirrus

112 2113 215 2168 rupilio„
224 2126 278 2171 quot
285 2117 350 2173 ionga
359 2118 415 2160 viros
425 2121 535 2164 exsorbeat
542 2136 587 2165 uno

111 2189 188 2232 Maura
195 2191 241 2244 dic,
249 2201 304 2247 quot
312 2191 428 2247 discipulos
440 2193 528 2239 inclinet
536 2196 650 2250 Hamillus5
