1584 2642
8 260 79 311 ais.
236 255 355 298 sarrai
374 255 428 300 rv„
615 256 640 306 ³7

8 342 109 385 Pontifici
119 354 215 384 summo.
224 340 277 398 Quis
285 342 342 382 enim
353 354 472 395 proponere
481 340 557 391 talem,

8 418 53 457 Aut
62 428 133 456 emere
143 414 242 464 auderet,
251 427 319 467 quum
329 413 391 467 piena
401 424 423 454 et
431 412 495 454 litora
504 412 573 455 multo

8 487 109 529 Delatore
118 486 200 528 iorem?
210 486 299 540 Dispersi
309 486 407 540 protinus
416 485 468 541 algu

8 560 150 616 inquisitores
159 570 246 615 agerem
254 573 305 601 curn
315 558 394 613 remige
403 560 473 610 nudo,

8 636 61 676 Non
71 634 191 676 dubitaturi
202 632 316 688 fugitivum
326 632 395 673 dicere
405 632 496 686 piscem,

8 710 170 765 Depastumque
179 708 216 749 diu
226 706 304 748 vivaria
312 706 409 750 Cesaris,
419 706 468 747 inda

8 781 112 836 Elapsum
121 790 214 822 veterem
224 780 251 820 ad
260 779 374 820 dominum
384 779 461 819 debere
470 778 552 820 reverti.

8 855 30 896 Si
40 853 93 909 quid
102 850 208 901 Palfurio,
217 851 234 893 si
244 851 351 892 credimus
361 850 481 898 Armillato,

8 924 120 982 Quidquid
130 922 282 977 conspicuum,
292 921 451 977 pulchrumque
460 930 491 961 cst
499 932 582 975 aequore
593 930 649 971 toto,

8 1001 47 1039 lies
58 997 104 1039 fisci
114 1007 156 1046 est,
166 995 299 1049 ubicumque
309 1003 374 1036 natat.
384 992 502 1035 Donabitur
510 1004 571 1048 crgo,

9 1073 43 1112 Ne
53 1072 191 1125 percutiam
201 1068 284 1111 letifero
293 1069 379 1110 cedente
389 1066 471 1123 pruinis

9 1149 134 1193 Autumno,
140 1143 188 1199 jam
198 1152 325 1198 quartanam
335 1142 470 1198 sperantibus
477 1142 549 1198 egris,

9 1218 118 1261 stridebat
126 1215 229 1257 deformis
237 1216 317 1266 hiems,
326 1216 462 1271 praedamque
471 1224 577 1257 recentem

9 1291 122 1341 iuvabat,
133 1300 205 1332 tamen
214 1288 248 1330 hic
258 1298 368 1344 properat,
379 1288 437 1330 velut
446 1298 519 1343 urgeat
527 1297 605 1330 auster:

11 1439 88 1487 Uroua
97 1435 155 1478 lacus
164 1436 276 1485 suberant,
286 1434 335 1485 ubi,
344 1447 470 1490 quanquam
479 1434 561 1485 diruta,
570 1444 639 1477 servat

10 1512 85 1567 ignem
94 1508 224 1564 Trojanum,
233 1518 254 1550 et
263 1509 350 1550 Vestam
360 1506 411 1549 colit
419 1508 471 1550 Alba
480 1508 597 1559 minorem,

11 1582 99 1626 Obstitit
108 1581 195 1624 intranti
205 1581 301 1623 miratrix
310 1582 372 1622 turba
382 1594 511 1636 parumper:

13 1662 38 1701 Ut
47 1658 121 1707 cessit,
132 1656 188 1699 taciti
197 1664 313 1711 patuerunt
322 1656 408 1697 cardine
417 1656 488 1697 ralvae.
547 1647 550 1652 ¹

13 1732 95 1776 Exclusi
104 1740 224 1785 exspectant
233 1730 325 1772 admissa
334 1730 423 1785 opsonia
432 1731 508 1772 Patren

11 1810 54 1850 itur
64 1807 93 1848 ad
102 1805 193 1847 Attidem
203 1818 207 1843 :
218 1814 264 1846 tum
273 1804 356 1852 Picens,
365 1803 453 1857 Adcipe,
463 1803 527 1854 dixit,

12 1878 99 1923 Privatis
109 1876 190 1932 majora
200 1876 264 1919 focis:
275 1875 363 1931 genialis
373 1885 450 1929 agatur

13 1955 52 1995 Iste
61 1951 117 1999 dies,
127 1962 216 2005 propera
225 1948 361 1991 stomachum
372 1946 443 1987 laxare
452 1945 542 1999 saginis,

15 2027 36 2067 Et
46 2035 85 2066 tua
93 2030 200 2064 servatum
210 2034 311 2062 consume
320 2019 343 2060 in
353 2016 424 2059 secuia
433 2016 558 2058 rhombum.

16 2100 58 2152 lpse
68 2094 116 2150 capi
125 2093 197 2136 voluit.
207 2092 297 2149 -Quid
306 2090 411 2147 apertius?
420 2098 441 2130 et
451 2098 522 2129 tamen
532 2087 562 2129 itti
574 2085 578 2093 ⁴

17 2169 134 2225 Surgebant
142 2168 216 2209 cristae.
226 2166 284 2208 Nihil
293 2176 335 2214 est,
344 2165 403 2220 quod
412 2164 495 2205 credere
504 2162 529 2202 de
538 2175 560 2203 se

18 2248 65 2287 Nou
74 2242 150 2300 possit,
158 2254 228 2297 quum
237 2240 337 2283 laudatur
345 2239 379 2282 Dis
388 2252 449 2293 aqua
458 2244 556 2293 potestas
