1584 2642
104 200 131 239 56
282 195 305 233 n.
323 195 340 232 l.
357 192 548 233 lUVENALlS
649 204 671 229 v.
687 202 726 239 ¹7?-

102 285 170 337 Atque
179 282 253 323 eadem
262 278 331 322 scrofa
340 278 408 319 Niohe
419 277 530 321 fecundior
537 278 593 320 elba.

104 357 155 412 Quae
165 354 217 396 tanti
227 352 329 407 gravitaret
339 365 386 406 quae
395 350 478 403 forma,
488 362 543 394 urse
552 351 591 393 tibi
600 363 688 405 semper

105 430 211 481 Imputet?
220 424 287 480 llujus
296 424 353 465 enim
364 423 406 465 rari
415 423 538 480 summique
547 424 645 479 voluptas

107 498 171 539 Nulla
180 497 242 561 boni,
251 496 334 551 quoties
343 497 417 538 animo
426 510 527 552 corrupta
534 497 627 552 superbo

107 571 154 613 Plus
164 570 230 620 aloes,
240 585 307 626 quam
316 571 385 613 mellis
394 572 464 615 habet.
474 571 526 628 Quis
534 571 619 613 deditus
627 579 704 611 autem

110 646 178 697 Usque
188 644 240 685 adeo
250 654 292 694 est,
302 654 378 686 utnon
388 644 447 687 illem
457 658 523 699 quem
532 643 632 685 laudibus
640 642 719 689 effen,

111 717 208 767 florient,
218 716 282 772 inque
292 717 349 760 diem
359 717 450 773 septenis
459 716 528 759 oderit
536 716 605 759 horis]

112 862 210 917 Qunmn
219 877 285 919 parva
293 864 392 919 quidem,
402 865 438 906 sed
447 878 491 906 uon
500 862 610 905 toleranda
618 862 710 904 meritis

113 936 169 977 Num
179 936 230 990 quid
241 937 358 988 remidius,
367 951 433 992 quam
442 938 501 991 quod
509 950 531 977 se
540 950 584 977 nou
592 944 654 990 putet
663 934 712 975 ulla

115 1011 251 1059 formosam,
260 1010 300 1051 nisi
309 1024 356 1063 qun
366 1011 391 1050 do
401 1012 469 1050 Tusca
477 1008 571 1051 omenta
582 1008 638 1050 fucta
647 1017 692 1056 est

116 1080 145 1119 lle
154 1077 289 1120 Sulmonensi
299 1093 358 1119 mera
366 1080 477 1133 Cecropist
486 1079 560 1120 omniu
568 1093 646 1133 grece,

117 1152 189 1207 Quum
199 1150 227 1192 sit
236 1159 297 1205 turpe
306 1151 374 1205 magis
383 1151 460 1191 nostris
469 1150 549 1191 nescire
558 1151 630 1193 latine.

118 1224 162 1264 lloc
171 1236 269 1263 sermone
278 1231 365 1276 pavent5
376 1222 417 1262 hoc
427 1221 493 1272 iram,
502 1223 590 1277 gaudia,
600 1238 674 1274 curus

120 1296 163 1336 lloc
171 1304 250 1337 cuncta
258 1290 375 1335 effundunt
384 1293 451 1335 enimi
460 1304 545 1336 secreta.
556 1295 611 1352 Quid
622 1297 692 1340 ultra?

121 1366 274 1408 Conoumbunt
283 1378 354 1420 grece.
364 1367 432 1407 Dones
442 1376 516 1410 tamen
523 1366 563 1409 ism
572 1368 658 1423 puellis

122 1436 183 1477 Tunc
191 1436 268 1485 etiam,
277 1448 344 1489 quam
353 1446 424 1478 sextus
433 1447 454 1479 et
462 1440 604 1493 octogesimus
612 1454 684 1481 annus

124 1508 206 1557 Pulsat,
216 1508 286 1549 adhuc
296 1515 373 1563 graecet
382 1523 427 1552 non
436 1522 467 1554 est
476 1512 511 1553 hic
519 1526 590 1553 sermo
598 1514 692 1568 pudieus

127 1583 152 1622 ln
161 1580 243 1632 vetula,
253 1581 335 1636 quoties
344 1580 448 1625 lascivum
456 1584 569 1628 intervenit
578 1585 632 1627 illud

128 1656 188 1701 ΖΩΗ
198 1656 247 1697 ΚΑΙ
256 1657 355 1710 mli,
366 1658 431 1699 modo
440 1659 481 1699 sub
490 1657 557 1700 lodice
566 1659 643 1701 relictis

128 1731 210 1773 Uteris
205 1746 226 1773 m
238 1733 307 1775 turba.
317 1734 378 1789 Quod
388 1733 446 1774 enim
455 1746 500 1774 non
509 1733 585 1775 excitat
593 1733 672 1789 inguen

131 1804 178 1845 Vox
189 1803 266 1845 blanda
276 1814 296 1846 et
305 1810 411 1860 nequam?
420 1804 497 1859 digitos
506 1804 577 1846 habet.
586 1806 613 1847 Ut
622 1814 693 1846 tamen
703 1815 777 1845 omnes

133 1876 247 1923 Subsidant
256 1891 340 1932 penum
350 1879 407 1922 dicas
416 1879 460 1919 haec
469 1878 555 1919 mollius
564 1881 623 1919 AEmo

135 1949 264 2005 Quanquam
274 1959 294 1991 et
303 1950 451 2007 Carpophoro,
462 1948 525 1991 facies
534 1959 571 1991 tuo
580 1958 692 2004 computat
700 1960 773 1991 anuos.

139 2095 160 2135 Si
170 2092 208 2133 tibi
218 2093 316 2148 legitimis
324 2104 410 2149 paetum
416 2092 559 2148 junctamque
568 2091 651 2135 tabellis

140 2164 189 2209 Non
198 2177 219 2207 es
229 2174 350 2217 amaturus,
360 2165 451 2208 ducendi
460 2164 521 2211 nullo
529 2166 613 2209 videtur
