1584 2642
123 276 151 305 aa
303 262 326 301 D.
345 262 363 300 J.
381 260 573 302 Juvatrms
686 266 747 305 ntia.

122 353 205 408 Exiguis
215 349 292 391 tabulis
301 359 322 390 et
331 362 416 403 gemma
426 349 504 393 fecerat
513 352 568 392 udal

122 423 223 467 obcurrit
232 432 330 464 matrona
339 432 425 476 potens,
436 437 494 477 qum,
503 423 568 465 molle
577 423 676 466 calenum

122 500 259 545 Porrectura,
268 495 313 535 viro
324 495 399 537 miscet
406 495 490 538 sitiente
500 497 609 547 rubetam,

123 568 261 622 Instituitque
272 568 346 617 rudes,
357 566 434 609 melior
442 570 542 616 Locusta,
553 569 682 624 propinquas

123 644 162 683 Per
171 642 253 683 lamam
264 652 285 683 et
293 641 400 696 populum
410 641 481 697 nigros
490 641 567 683 efferre
576 642 672 685 maritos.
765 663 768 676 ·

123 791 184 831 Anna
193 789 272 844 aliquid
282 790 382 833 brevibus
391 790 464 848 Gyaris
473 800 494 833 et
503 805 586 832 carcere
596 792 697 847 dignum,

123 863 144 903 si
156 863 185 903 vis
194 874 237 903 esse
247 860 323 917 aliquis
332 880 336 904 :
346 864 444 919 probitas
453 862 555 905 laudatur
564 873 584 905 et
593 861 654 918 alget.

123 934 254 978 Criminibus
264 936 342 978 debent
351 938 435 985 hortos,
446 937 555 991 praetoria,
565 951 661 986 mensas,
769 941 771 960 ²

125 1009 241 1062 Argentum
252 1017 323 1058 vetus,
332 994 352 1048 et
362 1017 455 1049 stantem
464 1018 523 1049 extra
533 1008 609 1063 pocula
619 1021 716 1064 caprum.

124 1080 194 1135 Quem
204 1078 285 1131 patitur
294 1078 388 1118 dormire
398 1092 465 1119 nurus
474 1090 588 1134 corruptor
597 1093 675 1130 avara,

125 1153 193 1208 Quem
204 1164 285 1207 sponsae
295 1162 378 1206 turpes,
389 1161 411 1192 et
419 1163 554 1207 pretextatus
564 1151 660 1193 adulter?

124 1224 145 1267 Si
156 1234 234 1267 natura
243 1234 316 1289 pegat,
327 1222 378 1265 facit
387 1224 504 1280 indignatio
515 1238 610 1275 versum,
772 1224 775 1250 ¹

126 1296 311 1355 Qualemcumque
320 1305 400 1351 potest,
409 1297 482 1351 quales
492 1305 541 1352 ego,
551 1296 584 1338 vel
592 1296 714 1340 Cluvlenus.
774 1355 775 1360 Ἰ

154 1446 185 1485 Ex
194 1457 237 1498 quo
247 1442 373 1493 Deucalion,
383 1444 464 1485 nimbis
474 1442 597 1486 tollentibus
607 1459 687 1499 aequor,

129 1516 218 1571 Navigio
228 1526 325 1558 montem
335 1517 456 1567 adscendit,
466 1529 574 1573 sortesque
583 1519 692 1574 poposcit,

128 1589 275 1645 Paulatimque
285 1590 357 1633 anima
367 1592 478 1634 caluerunt
489 1592 561 1634 mollia
571 1607 631 1643 saxa,

127 1662 152 1703 Et
163 1661 258 1702 maribus
267 1662 335 1703 nudas
345 1662 437 1704 ostendit
446 1664 524 1719 Pyrrha
533 1661 624 1716 puellas;

127 1733 236 1789 Quidquid
248 1743 315 1788 agunt
323 1734 433 1783 homines,
443 1744 529 1781 votum,
541 1733 611 1781 timor,
621 1732 665 1785 ira,
674 1734 772 1793 voluptas

129 1805 222 1856 Gaudia,
231 1806 349 1858 discursus,
360 1806 427 1848 nostri
437 1816 468 1846 est
477 1804 561 1859 farrago
570 1803 643 1855 libelli.

129 1880 250 1935 Ecquando
259 1880 345 1921 ubcrior
356 1880 457 1921 vitiorum
468 1878 540 1933 copia?
548 1880 635 1933 quando

131 1952 199 2008 Major
208 1953 300 1995 avaritia
309 1952 380 2007 patuit
388 1952 460 1991 sinus!
469 1950 514 1992 alea
524 1953 611 2005 quando
628 2004 631 2009 Ι

129 2026 171 2067 flos
181 2024 276 2065 animos?
286 2026 360 2077 Neque
369 2022 427 2062 enirn
438 2020 512 2062 loculis
521 2023 674 2067 comitantibus
684 2023 727 2067 itur

74 2082 77 2087 Ι
129 2098 161 2138 td
169 2111 243 2138 casum
255 2094 343 2143 tabulae,
352 2093 421 2147 posita
431 2094 467 2134 sed
476 2094 558 2137 luditur
567 2110 622 2138 arear

128 2169 202 2212 ralia
210 2176 292 2224 quanta
300 2165 342 2207 illic
352 2165 497 2221 dispensatore
505 2170 585 2211 videbis
