1584 2642
31 273 48 303 v.
65 264 114 305 168.
260 258 380 301 saltet
398 258 445 301 tlt
637 272 664 313 29

30 354 141 396 Fictilibus
151 362 233 395 cmnare
242 354 318 407 pudet,
328 352 386 407 quod
397 362 459 407 turpe
467 350 553 407 negabit

32 424 156 467 Translatus
165 422 237 467 subito
246 423 273 464 ad
282 426 373 473 Marsos,
384 436 525 478 mensamque
534 421 649 472 Sabellam,

33 500 193 551 contentusque
201 495 245 537 illic
255 506 341 548 veneto,
351 496 449 552 duroque
458 496 550 538 cucullo.

59 571 108 611 Pars
118 570 198 623 magna
206 567 269 611 lnliae
279 578 320 617 est,
330 568 347 610 si
357 582 432 610 rerum
441 568 588 620 admittimus,
597 569 620 610 in
629 577 672 624 qua

32 641 102 681 Nemo
112 649 185 695 togam
194 640 272 689 sumit,
281 640 321 682 nisi
331 650 437 683 mortuus.
447 643 495 696 lpsa
504 641 589 683 dierum

32 713 144 755 Festorum
154 713 245 754 herboso
254 712 332 755 colitur
340 713 357 754 si
368 714 456 768 quando
465 713 549 755 theatro

33 784 142 840 lllajestas,
153 784 282 839 tandemque
291 784 346 826 redit
354 785 381 826 ad
393 783 477 839 pulpita
485 793 563 825 notum

32 857 148 907 Euodium,
157 870 226 912 quum
236 870 330 912 persone
339 856 437 912 pallentis
446 855 531 897 hiatum
603 870 608 877 ¹

32 932 56 971 ln
65 929 147 985 gremio
156 928 231 971 matris
241 928 343 970 formidat
352 928 445 969 rusticus
453 926 531 969 infans.

33 1003 128 1058 Equales
137 1003 224 1045 babitus
232 1002 286 1053 illic,
295 1002 432 1057 similemque
441 1000 521 1042 ridebis

32 1079 167 1121 orchestram
177 1087 197 1119 et
206 1078 311 1133 populum
320 1094 324 1118 ι
334 1077 385 1119 clari
395 1076 492 1118 velamen
502 1074 600 1126 honoris,

32 1149 148 1192 Sufficiunt
158 1150 235 1192 tunicae
244 1150 335 1191 summis
344 1148 446 1192 AEdilibus
455 1149 514 1191 albat.

33 1223 68 1263 llic
79 1221 135 1263 ultra
144 1221 198 1264 vires
207 1222 293 1264 habitus
303 1222 372 1263 nitor:
383 1222 418 1263 liic
427 1221 508 1276 aliquid
517 1220 576 1276 plus,

34 1295 102 1351 Quum
111 1294 163 1336 satis
171 1303 213 1343 est,
223 1294 332 1336 interdum
342 1293 412 1335 aliena
421 1294 516 1335 sumitur
524 1306 580 1335 arca.

33 1368 152 1407 Commune
162 1365 184 1407 id
195 1365 270 1407 vitium
279 1375 321 1416 est;
332 1365 367 1407 hic
376 1365 467 1407 vivimus
477 1364 592 1406 ambitiosa

33 1442 157 1496 Paupertate
167 1452 248 1481 omnes.
258 1440 313 1497 Quid
323 1450 344 1481 te
354 1446 439 1481 morcrl
448 1439 525 1482 Omnia
534 1441 606 1481 tome

33 1513 86 1553 Cum
95 1512 170 1567 pretio.
180 1512 236 1567 Quid
245 1513 293 1563 das,
305 1522 329 1554 ut
339 1513 429 1561 Cossum
438 1512 554 1567 aliquando
563 1509 654 1553 salutest
740 1492 743 1499 Ι

34 1585 60 1625 Ut
70 1594 88 1625 te
99 1583 196 1639 respiciat
204 1583 277 1633 clausu
287 1583 376 1639 Vejcnto
386 1583 476 1625 labello?

33 1657 67 1698 llle
77 1657 139 1699 metit
148 1658 250 1708 barbam,
259 1657 341 1699 crinem
350 1658 385 1699 hic
396 1658 485 1713 deponit
493 1656 570 1708 umuti3

32 1727 93 1769 Plena
102 1729 180 1769 domus
189 1728 237 1769 libis
247 1727 362 1770 venalibus.
371 1730 460 1785 Adcipe,
469 1738 490 1770 et
499 1729 557 1770 istud

34 1800 170 1842 Fermentum
180 1799 219 1841 tibi
228 1799 293 1849 babe;
303 1810 402 1855 prostare
411 1800 492 1842 tributa
500 1799 587 1841 clientes

34 1875 139 1931 Cogimur,
150 1882 172 1915 et
180 1872 243 1915 cultis
252 1887 329 1929 augere
338 1874 421 1929 peculia
429 1872 500 1915 servis

39 2017 89 2073 Quis
99 2015 171 2065 timet,
181 2024 220 2057 aut
229 2015 302 2059 timuit
310 2015 378 2071 gelida
386 2017 488 2057 Preneste
497 2014 594 2065 mmam,

35 2090 74 2130 lut
82 2088 156 2144 positis
165 2101 279 2130 nemorosa
287 2088 343 2130 inter
348 2088 403 2143 juga
412 2086 523 2136 Volsiniis,
532 2096 571 2129 aut

37 2160 169 2219 Simplicibus
178 2160 263 2211 Gabiis,
272 2170 310 2203 aut
318 2161 381 2216 proni
390 2160 474 2202 Tiburis
483 2165 543 2202 arcel

39 2234 80 2276 llos
89 2235 166 2277 urbem
175 2233 267 2275 colimus
276 2234 335 2275 tenui
345 2232 431 2275 tibicine
439 2232 518 2275 fultam

38 2309 110 2365 llagns
118 2317 178 2365 parte
188 2307 221 2351 sui
229 2324 234 2351 ι
243 2321 296 2351 narn
304 2307 335 2351 sic
343 2306 465 2351 labentibus
474 2307 544 2349 obstat
