1584 2642
134 223 174 276 nt
371 221 393 261 s.
412 220 522 260 censu
694 231 713 258 v.
729 229 758 268 tq.

132 308 185 349 Hinc
195 307 265 358 trahe,
274 320 321 361 que
330 306 400 348 dicos:
411 320 536 361 mensesque
546 304 641 360 relinque
650 303 746 360 Mycenis

132 384 188 423 Cum
197 382 276 437 cupite,
285 390 306 422 et
315 382 404 436 pedibus
414 397 419 422 ε
430 381 552 436 plebeiaque
559 379 648 434 prandio
657 378 723 420 noris.

134 457 184 496 Non
193 455 291 510 equidem
300 455 341 496 hoc
349 456 436 506 studeo,
446 453 532 496 bullatis
542 461 566 495 ut
575 451 628 493 mihi
639 451 705 506 nugis

134 527 212 580 ragina
221 535 336 581 turgescat,
345 527 395 568 dare
404 527 488 582 pondus
497 524 573 566 idonee
583 521 654 565 fumo.

135 599 212 641 secreti
220 599 342 654 loquimur:
352 599 391 641 tibi
400 613 469 649 nunc,
478 599 577 640 hortante
585 598 692 646 Camena,

134 672 263 713 Excutienda
271 672 348 713 damus
357 671 473 726 precordia
483 687 487 712 :
497 679 619 725 quantaque
628 679 709 713 nostre

134 745 184 784 Pars
194 753 231 785 tua
240 743 278 794 sit,
286 745 389 793 Comme,
401 743 489 793 enimse,
501 741 550 793 tibi,
560 740 628 783 dulcis
637 742 719 792 amice,

135 815 254 856 Ostendisse
259 815 334 871 juvat:
344 815 416 870 pulsa,
425 815 546 870 dignoscere
556 822 643 864 centus,

135 888 191 944 Quid
200 887 292 930 solidum
302 899 383 944 crepet,
391 898 413 930 et
422 889 482 943 picus
492 887 579 929 tectoria
588 886 673 942 lingue.

133 962 169 1002 tiis
178 975 217 1018 ego
225 972 324 1005 centenas
332 963 403 1005 ausim
411 963 523 1017 deposcere
531 974 604 1012 voces,
628 975 632 986 ·

135 1037 163 1076 lit
171 1046 277 1090 quantum
286 1037 340 1078 mihi
350 1048 370 1079 te
379 1039 467 1078 sinuoso
477 1036 499 1077 in
510 1046 595 1091 pectore
605 1034 653 1086 fixi,

134 1107 191 1148 t'oce
202 1107 285 1149 trahem
295 1121 348 1163 pura
356 1117 484 1162 :totumque
493 1107 534 1148 hoc
543 1107 608 1150 verbe
617 1105 738 1161 resignent,

134 1179 196 1233 Quod
208 1178 259 1221 latet
267 1193 345 1221 arcana
353 1194 396 1222 non
408 1179 524 1222 enarrabile
534 1180 596 1222 iihra.

135 1253 189 1292 Cum
199 1250 295 1306 primum
304 1251 380 1304 pavido
389 1261 461 1293 custos
471 1251 524 1292 mihi
534 1264 630 1308 purpure
640 1250 714 1302 cessit,

136 1322 237 1376 Bnllnque
246 1322 361 1364 subcinctis
370 1322 450 1365 loribus
460 1325 539 1366 donata
546 1325 657 1380 pependit;

135 1397 191 1436 Cum
200 1393 274 1436 blandi
283 1395 383 1447 comites,
393 1406 480 1452 totaque
490 1397 578 1454 impune
589 1398 686 1440 Suburra

67 1493 71 1502 ·
138 1467 235 1511 Permisit
243 1468 342 1523 sparsisse
351 1469 425 1511 oculos
430 1469 479 1526 jam
488 1470 592 1512 candidus
601 1471 681 1521 umho;

136 1546 234 1598 Cumque
241 1543 281 1585 iter
289 1543 418 1598 ambiguum
428 1553 470 1596 est,
480 1553 501 1586 et
509 1545 556 1586 vitae
565 1543 650 1586 nescius
659 1557 720 1586 error

136 1617 224 1660 Deducit
234 1618 326 1674 trepidas
334 1631 420 1660 ramosa
429 1619 451 1659 in
460 1618 555 1673 compita
564 1628 658 1670 mentes,

137 1692 170 1731 nte
176 1690 214 1731 tibi
223 1691 338 1746 supposui:
349 1701 431 1732 teneros
441 1700 465 1733 tu
472 1690 561 1745 suscipis
570 1704 638 1732 ennos

138 1761 256 1812 Socratico,
266 1764 370 1812 Cornuto,
379 1762 442 1805 sinu:
453 1771 504 1804 tunc
513 1760 585 1804 fallere
594 1761 660 1804 solers

139 1835 239 1890 Apposita
247 1834 337 1878 intortos
347 1835 440 1877 extendit
450 1834 522 1891 regula
531 1848 612 1886 mores,

138 1911 164 1948 Et
174 1908 278 1962 premitur
287 1907 369 1950 ratione
377 1908 475 1959 animus,
484 1908 582 1963 vincique
591 1907 689 1960 laboret,

139 1976 289 2031 Artificemqne
297 1988 335 2019 tuo
344 1978 452 2020 ducissub
461 1979 536 2033 poliice
545 1979 637 2021 vultum.

139 2049 155 2088 't
157 2061 219 2089 ccum
228 2049 308 2090 etenim
317 2047 391 2104 longos
401 2051 490 2091 memini
500 2064 625 2094 consumere
635 2051 701 2103 soles,

138 2121 164 2159 Et
174 2129 244 2160 tecum
254 2121 334 2176 primns
343 2122 411 2176 epuiis
420 2124 531 2180 decerpere
540 2136 619 2167 noctes.

139 2191 211 2232 Unum
220 2205 284 2246 opus,
294 2204 315 2236 et
323 2194 419 2248 requiem
428 2195 506 2250 pariter
515 2198 649 2255 disponimus
657 2199 735 2251 ambo,
