1584 2642
132 252 159 291 σε
252 228 579 285 .n.J.ruvuutr1s
681 244 759 296 ares.

130 338 272 377 rensuum
281 334 358 373 domus
368 332 438 374 Sicula
447 346 490 376 nou
500 332 574 375 mitior
582 330 645 375 aulai

130 407 187 448 Nem
197 408 214 447 si
223 404 342 454 constituit,
352 404 458 460 solitoque
466 407 575 447 decentius
584 414 645 460 optat
727 441 733 455 ,

131 478 216 526 ornari,
226 486 246 517 et
256 488 366 531 properat,
372 476 463 532 jamque
471 487 604 533 exspectatur
613 477 637 528 ip
645 477 728 529 hortis,
780 441 782 534 i

130 554 172 594 Aut
181 550 238 605 apud
247 549 316 590 Isiacae
326 551 398 605 potius
406 552 498 594 sacraria
508 552 571 601 lenm
780 557 781 560 ’

129 620 225 677 Disponit
234 620 326 672 crinem,
336 622 432 665 laceratis
442 624 487 679 ipsa
496 622 587 678 capillis,

128 696 192 737 Nuda
201 694 302 737 humeros
313 698 384 739 Psecas
393 697 478 748 infelix,
487 697 593 752 nudisque
602 696 714 739 mamillis.
780 683 782 752 i

129 767 195 811 Altior
204 766 238 809 hic
247 782 314 824 quare
323 770 447 813 cincinnus!
455 772 537 814 Taurea
547 768 610 823 punit

130 839 236 883 Continuo
246 842 294 885 sseri
304 844 384 886 crimen
396 843 521 897 facinusque
530 840 608 897 capilli.

54 938 59 953 .
130 910 186 969 Quid
196 914 267 957 Psecas
277 916 483 971 admisittquaenam
492 923 524 955 est
533 913 567 954 hic
577 911 641 967 culpa
650 912 742 968 puelle,
780 959 781 972 χ

130 986 151 1029 Si
161 986 199 1027 tibi
209 988 317 1044 displicuit
326 1004 389 1032 nasus
400 994 461 1031 tuus?
470 987 540 1030 Altera
548 978 627 1028 iarum

131 1060 239 1109 Extendir,
249 1062 355 1115 pectitque
365 1074 448 1108 comas,
458 1070 479 1101 et
488 1059 553 1101 volvit
561 1059 583 1099 in
594 1059 678 1101 orbem.

131 1136 167 1177 Est
176 1134 198 1175 iu
208 1134 296 1176 consilio
306 1144 417 1184 matrona,
426 1135 556 1186 admotaque
565 1132 620 1175 lanis

132 1205 226 1250 Emerita
234 1219 281 1261 quae
291 1215 357 1247 cessat
366 1219 420 1247 acu:
430 1203 535 1246 sententia
545 1204 616 1259 prime

132 1280 201 1335 nujus
211 1278 260 1329 erit,
270 1287 318 1333 post
327 1278 382 1319 hanc
391 1287 453 1320 aetate
462 1270 527 1332 sitque
536 1287 581 1319 arte
590 1279 687 1322 minores

133 1352 265 1399 Censebunt,
274 1359 377 1404 tanquam
387 1350 450 1391 famae
459 1350 573 1393 discrimen
583 1361 661 1406 agatur

132 1425 176 1467 Aut
185 1424 275 1466 enimse:
286 1432 345 1465 tanta
354 1433 385 1465 est
393 1423 502 1478 quaerendi
511 1436 563 1465 cura
572 1424 665 1466 decoris!

133 1497 175 1538 Tot
183 1495 262 1551 premit
271 1494 392 1545 ordinibus,
403 1504 436 1537 tot
443 1495 514 1537 adhuc
523 1496 665 1551 compagibus
675 1497 749 1542 altum

134 1569 230 1611 AEdificat
239 1570 314 1625 caput!
323 1569 487 1611 Andromachen
496 1584 509 1611 a
519 1557 691 1622 tronte‘videbis3

134 1644 183 1684 Post
192 1642 264 1684 minor
272 1651 315 1683 est:
326 1642 399 1684 credas
408 1642 480 1684 aliam.
489 1643 556 1691 Cedo,
567 1643 584 1684 si
594 1643 656 1684 breve
667 1647 732 1700 parvi

134 1715 214 1757 Sortita
222 1725 253 1758 est
262 1714 332 1757 lateris
341 1716 447 1770 spatium,
457 1715 583 1771 breviorque
592 1716 678 1759 videtur

135 1787 222 1843 Virgine
230 1790 332 1843 Pygmea,
342 1786 407 1828 nuliis
416 1785 490 1841 adjuta
500 1787 622 1839 cothurnis,

134 1862 160 1903 Et
169 1859 218 1901 levis
228 1868 297 1901 erecta
305 1858 414 1914 consurgit
423 1859 451 1900 nd
460 1858 534 1900 oscula
542 1858 622 1914 planta.

134 2008 208 2049 Numa
219 2006 258 2048 viri
267 2018 319 2048 cura
327 2006 420 2057 interea,
429 2018 469 2047 nec
478 2006 559 2047 mentio
569 2005 606 2047 fiet

133 2081 267 2122 vannorum
276 2095 280 2119 :
290 2077 341 2120 vivit
350 2088 454 2132 tanquam
464 2076 534 2119 vicina
544 2077 627 2125 marim

134 2152 177 2192 floc
187 2150 232 2192 solo
242 2151 334 2206 propior,
344 2151 403 2205 quod
412 2149 493 2193 amicos
502 2148 599 2205 conjugis
608 2148 655 2191 odit

134 2225 160 2267 Et
168 2236 251 2267 servos:
261 2224 329 2280 gratis
337 2234 370 2268 est
379 2224 505 2267 rationibus.
515 2225 568 2265 Ecce
577 2221 670 2265 furentis
