1584 2642
114 230 153 271 reo
288 228 310 269 n.
329 227 347 267 1.
364 225 558 267 iuventtis
674 241 742 283 ag.

111 316 180 372 Hujus
188 315 226 372 qui
235 314 338 363 trabitur,
348 322 472 369 protentam
482 326 567 355 sumere
576 314 655 367 maris3

110 391 141 431 dn
150 389 278 431 Fidenarum
288 387 449 441 Gabiorumque
458 400 503 428 esse
514 380 617 442 potestas,

109 464 135 505 Et
144 465 170 505 de
179 475 279 504 mensura
285 460 323 516 jus
332 461 412 512 dicere,
421 473 471 503 vasa
480 461 565 503 minora

107 540 211 594 Frangere
219 550 327 594 pannosus
336 536 409 579 vacuis
417 535 482 577 edilis
491 534 587 577 Ulubris!

109 614 163 667 Ergo
172 612 224 666 qnid
233 611 353 667 optandum
364 610 429 661 foret,
439 610 547 664 ignorasse
555 608 628 650 fateris

110 683 213 738 Sejanum
223 699 227 726 :
236 696 289 726 nam
298 683 336 739 qui
345 682 424 725 nimios
433 683 521 737 optabat
529 682 632 732 honores¹

110 758 135 799 Et
144 756 223 799 nimias
232 757 332 813 poscebat
339 769 402 812 opes,
411 768 526 797 numerosa
535 754 625 810 parabat

108 829 197 872 Exeeisre
207 829 272 872 turris
281 828 388 879 tabulata,
397 827 455 869 unde
464 826 527 869 altior
535 836 589 868 esset

108 904 185 953 Casus,
194 913 216 945 et
224 902 321 959 impulse
330 914 422 958 preceps
431 900 527 943 immane
537 899 609 941 ruine.

109 976 165 1031 Quid
174 977 269 1024 Crassos,
278 974 330 1029 quid
339 970 450 1027 Pompeios
459 970 545 1012 evertit!
553 979 575 1012 et
583 969 645 1011 iilum

109 1048 140 1090 td
149 1060 188 1088 sua
197 1044 234 1100 qui
245 1046 340 1087 domitos
348 1044 437 1086 deduxit
446 1042 512 1098 flagra
521 1041 625 1099 Quirites?

108 1122 211 1163 Summus
220 1131 298 1173 nempe
307 1118 366 1159 iocus
376 1116 436 1159 nulia
444 1129 489 1158 uon
497 1126 543 1159 arte
551 1115 643 1171 petitus,

109 1196 227 1248 Magnaque
237 1190 363 1233 numinibus
373 1200 423 1232 vota
431 1190 532 1233 exaudita
541 1188 646 1245 malignis.

109 1266 140 1309 td
150 1276 252 1320 generum
261 1260 342 1306 Cereris
351 1261 396 1305 sine
405 1263 462 1303 ende
471 1272 492 1304 et
501 1262 588 1305 vulnere
596 1262 660 1319 pauci

108 1336 243 1379 Descendunt
252 1346 321 1389 reges,
330 1343 351 1375 et
359 1333 416 1375 sicca
424 1343 493 1375 morte
502 1334 596 1391 tyranni.

108 1484 235 1531 Ειοουιυι,
245 1487 283 1521 aut
291 1477 375 1520 famam
383 1479 531 1521 Demosthenis
539 1488 578 1522 unt
585 1480 693 1523 Cioerouis

108 1554 185 1610 Incipit
194 1562 278 1608 optare,
288 1561 309 1594 et
318 1552 367 1594 totis
376 1552 542 1607 quinquatribus
551 1562 622 1608 optat,

109 1624 209 1685 Quisquis
218 1624 288 1667 adbuc
300 1638 345 1666 uno
353 1634 438 1680 partem
447 1624 498 1667 colit
507 1637 552 1666 asse
561 1624 693 1675 Minervam,

109 1704 177 1758 Quem
187 1698 284 1754 sequitur
292 1707 363 1741 eustos
372 1708 467 1755 anguste
476 1697 565 1740 vernnie
573 1711 646 1755 eapse.

108 1771 197 1827 Eioquio
206 1770 242 1813 sed
251 1779 340 1826 uterque
350 1772 405 1826 petit
414 1778 498 1820 orator,
509 1778 626 1825 utrumque

108 1846 188 1899 Largus
197 1851 218 1884 et
226 1843 336 1885 exundans
345 1842 387 1885 ieto
396 1842 455 1884 dedit
463 1840 542 1897 ingenii
552 1840 607 1883 fons.

106 1916 194 1973 ingenio
204 1929 280 1957 manus
290 1924 321 1958 est
330 1925 351 1957 et
359 1915 428 1957 cervix
437 1927 501 1965 oseem
510 1926 549 1955 uec
558 1926 657 1969 unquam

107 1992 213 2048 Sanguine
223 1990 323 2032 causidici
332 1991 463 2032 maduerunt
471 1998 540 2031 rostra
549 1987 626 2044 pusilli.

108 2066 281 2105 Oroarunarnr
291 2073 378 2112 uersu,
388 2072 420 2102 n
428 2072 533 2110 consum,
541 2060 634 2103 bonu!

108 2138 186 2178 Antoni
195 2134 274 2190 gladios
283 2134 509 2189 poenitentemne,
518 2133 536 2175 si
545 2133 575 2175 sic

109 2209 187 2252 Omnia
195 2207 286 2249 dixisset.
295 2206 389 2249 nidenda
398 2217 497 2261 poemate
505 2206 574 2257 malo,
