1584 2642
57 187 76 216 v.
88 175 142 220 225,
269 172 389 214 scritta
407 173 475 214 xlv:
649 175 683 217 1531

56 259 170 310 Mandaei,
180 258 237 300 dices
246 257 309 310 olim,
318 273 357 300 nee
366 257 418 302 talia
427 258 490 301 suasi.

55 331 135 374 blentis
145 344 210 372 eausa
218 329 279 372 malae
290 339 362 372 tamen
370 340 402 372 est
411 340 432 373 et
441 330 500 386 oripo
509 344 572 386 penes
582 341 608 374 te.

56 408 116 448 Nam
126 405 223 460 quisquis
233 404 305 461 magni
314 408 389 448 census
398 405 497 461 precepit
505 419 612 458 amorem,

55 481 83 521 Et
91 478 147 520 laevo
157 478 242 520 monitu
251 491 328 533 pueros
337 478 437 533 producit
446 491 530 529 avares,

56 552 98 592 Dat
107 549 243 600 libertatem,
252 559 308 591 totas
317 549 411 592 effundit
419 550 513 592 habenas

55 620 183 671 Curriculo;
194 634 259 675 quem
269 621 286 663 si
296 634 392 669 revoces,
402 621 515 663 subsistere
524 621 601 674 nescit,

54 698 91 747 Et,
102 705 123 737 te
133 704 254 744 contemto,
264 694 357 750 rapitur,
366 694 471 749 metisque
480 693 564 737 relictis.

54 769 128 808 Nemo
137 765 188 807 satis
197 765 263 807 eredit
273 774 358 807 tantum
367 765 500 820 delinquere,
510 775 616 820 quantum

55 840 182 891 remittas,
191 840 244 882 adeo
255 838 367 894 indulgent
376 839 416 881 sibi
425 838 489 881 latius
498 838 537 894 ipsi
546 841 550 879 l

55 989 123 1044 Quoia
133 986 186 1028 dicis
193 985 280 1042 juveni,
289 985 392 1036 inultum,
400 987 437 1041 qui
446 987 511 1028 donet
519 985 601 1039 amico,

55 1060 96 1117 Qui
108 1068 258 1115 paupertatem
268 1059 323 1101 levet
332 1058 457 1114 attollatque
467 1059 594 1115 propinqui:

54 1135 79 1176 Et
87 1132 181 1189 spoliare
190 1133 264 1182 (loces,
273 1141 294 1174 et
303 1132 488 1184 circumscribere,
497 1143 519 1175 et
525 1133 585 1175 omni

54 1205 150 1248 Crimine
159 1204 243 1247 divitiam
251 1204 372 1259 acquirere,
381 1218 475 1260 quarum
485 1219 547 1246 amor
555 1204 578 1247 in
589 1214 608 1246 te

54 1280 154 1331 Quantus
164 1286 210 1318 erat
216 1275 289 1332 patrie
297 1277 411 1317 Deciorum
421 1275 443 1317 in
453 1286 550 1332 pectore,
559 1285 666 1332 quantum

54 1349 130 1391 Dilexit
139 1349 235 1397 Thebas,
245 1347 263 1388 si
272 1347 351 1389 Graecia
358 1361 419 1398 vera,
430 1350 558 1400 Menoeceus;
647 1336 650 1338 ’

55 1426 78 1465 ln
87 1435 183 1479 quarum
192 1420 257 1463 sulcis
265 1419 357 1475 legiones
366 1419 466 1462 (lentibus
476 1421 551 1476 anguis

56 1499 109 1538 Cum
119 1495 200 1552 clypeis
209 1502 340 1545 nascuntur,
349 1503 371 1536 et
379 1494 466 1536 horrida
476 1495 531 1536 bella
541 1504 653 1550 capessunp

54 1571 175 1620 Continuo,
185 1579 288 1624 tanquam
297 1577 319 1610 et
328 1568 414 1610 tubicen
424 1569 538 1610 surrexerit
547 1582 596 1610 una.

54 1647 108 1702 Ergo
117 1645 203 1701 ignem,
212 1643 274 1701 cujus
285 1642 386 1690 scintillas
396 1643 440 1697 ipse
449 1643 536 1693 dedisti,

54 1720 189 1774 Flaffantem
198 1717 240 1760 late
249 1727 271 1767 et
280 1718 397 1772 rapientem
407 1724 484 1758 cuncta
491 1715 577 1757 videbis.

56 1795 100 1835 Nec
111 1793 150 1835 tihi
161 1800 261 1848 parcetur
271 1791 360 1842 misero,
370 1790 520 1845 trepidumque
530 1787 657 1843 magistrum

54 1868 78 1908 ln
87 1878 153 1908 cavea
162 1876 241 1918 magno
250 1862 340 1904 fremitu
347 1861 382 1904 leo
392 1861 451 1903 tollet
459 1859 568 1902 alumnus.

55 1942 111 1982 Nota
122 1937 280 1980 mathematicis
289 1936 370 1993 genesis
380 1946 427 1985 ωας
439 1935 475 1976 sed
483 1947 545 1990 grave
555 1934 625 1975 tardas

55 2015 178 2068 Exspectare
186 2011 253 2060 colos;
264 2010 372 2060 morieris,
381 2008 473 2051 stamine
483 2007 581 2048 nondum

54 2087 158 2142 abrupto.
167 2086 216 2127 lam
224 2097 284 2128 nunc
293 2085 377 2136 obstas,
386 2092 408 2126 et
417 2092 466 2126 vota
476 2079 577 2132 morarie;
