1584 2642
125 220 165 251 roo
301 210 325 250 D.
342 210 360 249 1.
378 206 569 248 1Π11ΕΝ1118
672 220 691 248 r.
707 220 754 248 roz,

122 322 149 331 —
159 301 296 349 OGonroor,
305 300 418 341 Coaroon!
428 306 534 340 secretim
543 296 614 339 divitie
623 296 695 339 aliurn

121 374 169 414 Esse
179 378 253 428 putas?
262 372 318 413 Servi
329 380 353 413 ut
362 381 456 418 taceant.
463 370 564 424 J’umenta
574 369 703 424 loquentur,

121 446 148 487 Et
156 446 224 496 canis,
234 456 255 488 et
264 455 343 501 postes,
353 456 374 488 et
383 459 499 487 marmora.
508 444 587 487 Claude
597 443 713 495 fenestras,

121 517 173 558 Vela
183 524 254 572 tegant
263 517 338 567 rimas,
346 516 414 573 junge
423 518 488 566 ostia,
498 515 565 559 toilito'
575 516 650 557 iumen

120 591 136 631 Ε
145 590 226 639 medio,
237 600 320 633 taceant
331 604 417 640 omnes,
426 603 492 645 prope
501 602 566 630 nemo
575 588 702 630 recumbat:

121 662 183 717 Quod
193 672 264 704 tamen
274 664 301 705 ad
310 674 399 707 cantum
409 662 457 718 palli
467 662 518 704 t'aeit
527 661 562 702 iiie
572 660 675 712 secundi,

122 736 233 779 Proximus
242 747 291 780 ante
300 738 357 779 diem
368 751 437 792 caupo
446 736 508 782 scien
518 735 591 776 audiet
598 743 618 776 et
628 748 676 789 quae

121 807 237 852 Finxerunt
247 810 325 865 pariter
336 804 446 856 librarius.
455 808 603 862 archimagiri,

122 884 240 940 Carptores.
251 887 313 941 Quod
322 886 381 927 enim
391 884 491 926 dubitant
499 896 628 937 componere
637 882 722 925 crimen

122 956 146 996 in
156 956 265 1007 dominos,
276 959 358 1012 quoties
367 956 492 998 rumoribus
501 954 635 995 ulciscuntur

122 1028 203 1069 baltea?
213 1031 256 1071 Nec
266 1032 332 1072 deerit
341 1031 378 1084 qui
389 1040 409 1073 te
418 1044 456 1085 per
464 1029 559 1083 compita
567 1040 649 1083 quaerat

124 1100 249 1149 Nolentem,
260 1111 282 1143 et
291 1102 391 1142 miseram
401 1102 488 1143 vinosus
496 1101 587 1142 inebriet
595 1114 679 1142 aurem.

122 1172 172 1215 Illos
182 1187 232 1229 ergo
241 1187 300 1229 rogos
309 1174 414 1229 quidquid
423 1175 488 1230 panio
497 1185 546 1217 ante
556 1175 642 1230 petebas

123 1247 139 1287 Δ
150 1246 222 1297 nobis,
233 1256 317 1289 taceant
327 1246 366 1287 ilii:
377 1248 414 1288 sed
423 1248 512 1302 prodere
522 1247 608 1290 malunt

122 1321 241 1370 Arcanum,
250 1333 317 1375 quam
326 1322 421 1377 subrepti
431 1332 505 1377 potare
513 1322 606 1373 Falerni,

123 1394 163 1433 Pro
172 1392 252 1447 populo
262 1390 340 1433 faciens
350 1403 457 1447 quantum
467 1394 552 1436 Saufeia
561 1395 655 1436 bibebat.

123 1464 245 1506 Vivendum
255 1474 310 1507 recte
320 1476 351 1508 est
361 1480 411 1508 cum
421 1476 508 1522 propter
516 1466 621 1523 piurima,
632 1468 729 1510 tauchis

121 1537 227 1592 Praecipue
236 1538 316 1588 causis,
327 1549 351 1581 ut
360 1538 444 1595 linguas
453 1539 611 1594 mancipiorum

121 1611 250 1652 Contemnes
260 1627 264 1651 :
275 1625 326 1653 nam
337 1612 409 1669 lingua
419 1613 470 1654 mali
479 1626 528 1668 pars
537 1613 629 1668 pessima
638 1613 701 1655 servi.

122 1683 216 1725 Deterior
226 1693 298 1726 tamen
307 1686 341 1727 hic
350 1686 387 1741 qui
398 1685 451 1727 liber
460 1699 505 1727 non
513 1686 554 1727 erit
563 1685 615 1736 iliis,

121 1759 219 1817 Quorum
228 1759 311 1801 animas
320 1769 342 1802 et
351 1759 407 1802 farre
416 1773 456 1801 suo
465 1757 558 1801 custodit
567 1768 588 1800 et
596 1772 643 1801 ere.

123 1928 149 1937 -
159 1908 245 1948 inciaco
255 1917 280 1950 ut
287 1907 367 1963 poesim
377 1906 474 1962 linguam
484 1915 620 1947 contemnere
629 1906 696 1957 servi,

122 1977 177 2020 Utile
187 1979 301 2023 consilium
311 1980 386 2031 modo,
396 1980 433 2021 sed
442 1991 569 2029 commune,
579 1978 655 2020 dedisti
666 1994 671 2018 ε

121 2052 185 2094 Nunc
193 2051 248 2094 mihi
254 2052 306 2107 quid
313 2052 388 2093 suadet
396 2059 444 2105 post
450 2050 556 2092 damnum
565 2049 668 2104 temporis
675 2059 697 2093 et
704 2065 754 2108 spes

121 2125 234 2180 beneptasi
243 2124 336 2167 Festinat
346 2123 404 2165 enirn
414 2123 526 2166 decurrere
536 2122 596 2165 velox

121 2195 230 2239 Floaouins
239 2205 345 2252 munstre,
355 2194 479 2250 misereque
488 2195 614 2252 brevioaima
622 2194 671 2237 rita
