1584 2642
142 213 169 251 ss
322 210 343 249 n.
361 211 379 249 r.
398 208 588 247 Juvrnacrs
689 210 771 261 cnr..

142 298 246 341 Deciderit
254 310 350 352 serpens,
360 296 416 337 hibit
424 305 446 337 ct
454 294 528 337 vomit.
537 297 592 351 Ergo
601 294 695 337 maritus

141 371 247 419 nauseat,
256 377 320 422 atque
330 366 395 409 oculis
405 366 471 408 bilem
480 366 605 421 substringit
614 367 701 421 opertis.

141 516 190 556 nu
201 522 272 556 tamen
281 515 370 569 gravior,
380 529 438 571 quae,
448 529 517 570 quum
526 515 661 557 discumbere
669 516 748 570 coepit,

142 585 224 628 Laudat
233 586 565 643 Virgilium,perituraeignoscit
573 586 644 627 Elisoe:
786 577 787 580 ¹

141 658 262 701 Committit
271 668 328 701 vates
337 669 359 701 et
368 669 490 715 comparat:
501 660 550 701 inde
559 661 682 710 Maronem,

141 730 210 784 acque
219 730 260 772 alia
269 742 328 787 parte
338 732 360 774 in
370 733 452 776 trutina
459 731 569 787 suspendit
579 733 706 773 Homerum.

140 802 225 845 Cedunt
234 804 379 859 grammatici,
388 804 505 845 vincuntur
513 803 617 851 rhetores,
627 804 701 844 omnis

140 876 214 918 Turba
224 887 289 929 tacet;
299 891 337 919 nco
347 876 466 919 causidicus
475 889 514 917 nec
523 888 592 930 praeco
600 875 712 929 loquatur,

140 948 211 990 Altera
220 964 259 991 nec
269 950 347 991 mulier
355 966 359 990 :
368 951 484 1017 uerborum
494 958 553 991 tanta
562 948 618 990 cadit
627 948 670 999 vis,

140 1022 181 1061 Tot
189 1021 269 1075 pariter
278 1021 357 1076 pelves,
368 1031 401 1064 tot
410 1021 554 1063 tintinnabula
563 1022 621 1064 dicas

139 1089 226 1131 Pulsari.
235 1092 283 1131 iam
294 1104 357 1132 necno
368 1092 441 1140 tubas,
450 1105 516 1132 nemo
524 1104 566 1133 aera
575 1091 663 1147 fatiget:

139 1165 185 1204 Una
195 1162 300 1205 laboranti
310 1163 388 1218 poterit
396 1177 520 1205 succurrere
530 1163 593 1207 lune.

138 1311 230 1352 lnronrr
241 1309 306 1351 finem
316 1309 400 1363 sapiens
409 1320 431 1351 et
440 1310 503 1352 rebus
513 1290 614 1354 honestis.

138 1383 194 1423 Nam
204 1396 250 1437 quae
261 1382 322 1423 docta
331 1382 395 1424 nimis
405 1383 465 1439 cupit
473 1394 495 1427 et
504 1383 596 1427 facunda
606 1386 685 1438 videri,

138 1458 204 1497 Crurc
214 1466 275 1497 tenus
285 1456 356 1497 medio
365 1457 449 1500 tunicas
459 1458 580 1513 succingere
590 1460 663 1508 debet.

137 1524 220 1570 Caedere
229 1527 312 1569 Silvano
322 1542 424 1583 porcum,
433 1530 552 1583 quadrante
562 1530 633 1573 lavari.
680 1558 682 1562 -

136 1603 187 1643 Non
196 1601 274 1645 habeat
283 1612 390 1653 matrona,
402 1602 441 1645 tihi
450 1617 497 1657 qure
504 1603 580 1658 juncta
591 1606 713 1654 recumbit,

136 1674 222 1717 Dicendi
232 1689 309 1730 genus,
320 1686 358 1718 aut
367 1686 454 1718 curtum
464 1689 562 1719 sermone
572 1688 642 1720 rotato

135 1750 242 1803 Torqueat
251 1749 399 1805 cnthymem23
410 1763 449 1791 nec
458 1749 557 1792 historias
566 1751 618 1791 sciat
628 1764 704 1792 omnes
713 1769 720 1793 :

135 1820 174 1861 Sed
184 1820 282 1873 quodam
292 1835 317 1862 ex
326 1820 385 1861 libris
395 1829 417 1861 et
426 1834 469 1861 non
479 1820 589 1876 intelligat.
600 1822 638 1863 Odi

134 1892 191 1951 Hanc
201 1904 249 1945 ogo,
260 1905 306 1945 quae
316 1890 392 1946 repetit
402 1891 509 1946 volvitque
518 1892 642 1934 Palaemonis
652 1902 737 1941 antero,

133 1966 219 2006 Servata
228 1978 312 2019 semper
320 1963 365 2020 lege
374 1974 395 2007 et
405 1965 486 2007 ratione
496 1965 608 2021 loquendi,

132 2036 259 2090 Ignotosque
269 2036 322 2077 mihi
334 2045 390 2078 tenet
400 2036 520 2090 antiquaria
530 2051 613 2088 versus;

133 2108 177 2146 Nec
187 2108 282 2149 curanda
291 2108 340 2149 viris
350 2107 415 2163 opicae
424 2108 514 2163 castigat
523 2106 597 2151 amics

133 2178 216 2219 Verba:
226 2179 370 2223 soloecismum
381 2180 444 2224 iiceat
454 2180 526 2225 fecisse
536 2182 620 2225 marito.
