1584 2642
135 196 160 233 rt
311 196 334 235 D.
352 195 371 233 L
387 192 578 233 Juvnrtatls
690 206 747 247 t.71.

130 287 208 326 Estuo.
219 283 294 324 Nudus
304 282 364 336 agas!
374 280 447 323 minus
455 291 487 323 est
495 280 585 322 infamia
594 281 666 337 turpis.

129 356 160 397 En
169 355 281 403 habitum,
290 366 332 409 quo
343 363 363 396 te
372 352 427 409 leges
436 367 461 394 ac
467 352 518 409 jura
528 353 643 404 ferentem,

129 428 259 471 Vulneribus
268 428 339 469 crudis
349 426 442 483 populus
451 428 516 469 modo
526 428 599 480 victor,
608 438 629 470 et
637 427 691 470 illud

129 502 256 544 Montanum
265 500 338 555 positis
347 500 430 543 audiret
438 500 513 555 vulgus
522 501 607 543 aratris!

128 574 184 629 Quid
193 588 237 615 non
246 574 374 629 proclames,
385 574 408 615 in
417 588 504 629 corpore
511 574 590 630 judicis
599 576 639 617 ista

127 647 148 687 Si
157 646 239 689 videas?
249 661 321 702 quaro
331 662 358 689 att
368 647 458 689 deceant
467 646 564 689 multicia
573 653 661 690 testem

126 722 185 771 Acer,
194 730 215 762 et
225 720 353 771 indomitus,
363 720 509 775 libertatisque
518 722 625 776 magister,

125 793 217 845 Gretice,
227 794 325 849 polluces.
335 794 395 837 Dedit
405 794 461 835 banc
470 794 568 849 contagio
577 794 658 846 labem,

126 868 151 909 Et
159 868 219 909 dabit
228 868 251 909 in
260 869 341 925 plures;
351 868 407 911 sicut
415 882 465 923 grex
474 877 532 910 totus
541 867 564 908 in
573 868 629 923 agris

127 942 193 982 Unius
203 941 272 981 scabie
281 941 348 989 cadit,
359 951 380 982 et
389 941 496 995 porrigine
505 941 576 996 porci,

129 1016 213 1067 Utaque
223 1022 334 1067 conspecta
343 1012 432 1054 livorem
441 1011 501 1054 ducit
509 1012 537 1053 ab
546 1026 596 1053 uva.

126 1160 216 1199 Feratus
226 1157 267 1198 ltoc
276 1155 356 1211 aliquid
364 1156 494 1210 quandoque
503 1154 592 1195 audebis
600 1156 681 1198 amictu
690 1177 696 1199 :

128 1232 198 1272 Nemo
208 1240 293 1286 repente
302 1229 345 1271 fuit
354 1228 496 1283 turpissimus.
505 1228 615 1283 Adcipient
624 1239 645 1271 te

126 1302 244 1351 Paulatim,
253 1302 290 1357 qui
300 1300 362 1355 longa
372 1297 432 1341 domi
442 1299 566 1342 redimicula
575 1313 667 1345 sumunt

127 1376 254 1425 Frontibus,
264 1385 286 1415 et
295 1383 339 1415 toto
349 1386 439 1429 posuere
448 1373 537 1415 monilia
546 1374 612 1433 cotto,

126 1450 195 1504 Atque
203 1452 283 1491 Bonam
294 1458 369 1489 tenerae
379 1446 464 1502 placant
473 1448 588 1491 abdomine
597 1464 678 1506 porcae,

125 1524 151 1563 Et
162 1534 240 1575 magno
250 1528 330 1561 cratere
339 1520 415 1571 Deam5
425 1520 461 1561 sed
471 1534 531 1562 more
540 1521 625 1565 sinistro

125 1592 233 1647 Exagitata
242 1590 317 1645 procul
326 1604 370 1631 non
380 1590 445 1633 intrat
455 1590 535 1633 femina
543 1592 617 1635 limen.

125 1662 178 1705 Solis
187 1676 223 1703 ara
233 1663 279 1702 Deae
290 1661 385 1703 maribus
394 1672 458 1717 patet.
469 1665 509 1712 Ite,
519 1663 625 1718 prolana!

123 1736 245 1778 Clamatur:
256 1733 315 1775 nullo
326 1734 390 1789 gemit
400 1734 435 1776 bic
445 1735 531 1777 tibicina
540 1750 614 1779 comu.

72 1854 75 1860 ¹
123 1806 182 1849 Talia
192 1816 271 1849 secreta
280 1806 392 1848 coluerunt
402 1807 464 1862 Orgia
474 1808 538 1858 taeda,

122 1878 246 1934 Cecropiam
256 1878 311 1919 soliti
321 1880 389 1933 bsptte
398 1876 474 1920 lassare
483 1882 576 1934 Cotytto.

123 1953 159 1995 llle
168 1952 305 2008 supercilium
317 1952 404 1994 madida
412 1951 500 2007 fuligine
511 1962 592 1993 tactum

124 2025 214 2078 Obliqua
223 2025 322 2080 producit
330 2038 382 2073 acu,
391 2024 501 2078 pingitque
511 2034 625 2066 trementes

125 2096 231 2139 Adtollens
240 2097 326 2138 oeulos:
336 2096 403 2137 vitreo
413 2095 468 2137 bibit
476 2094 511 2136 ille
521 2096 605 2152 Priapo,

125 2170 288 2222 Reticulumqtte
297 2168 365 2211 comis
374 2177 476 2210 auratum
486 2168 607 2224 ingentibus
616 2170 707 2225 implet,

766 2 779 1418 —-—-————-———r-“-—-‘-—
