1584 2642
33 233 50 261 v.
64 221 99 274 7⁵·
259 213 380 257 sirmi
394 212 438 255 ta.
638 224 666 266 99

32 309 139 367 Amplexu
149 308 224 364 rapui:
234 306 319 349 tabulas
327 320 415 363 qnoque
423 313 521 361 ruperat,
530 302 605 358 etjam

32 384 146 439 Signabat,
157 390 202 425 tote
212 380 245 423 vix
254 380 295 422 hoe
304 394 343 435 ego
355 388 418 421 nocte
427 377 519 428 redemi,

31 459 59 499 Te
69 456 168 513 plorante
178 452 236 495 foris.
245 454 312 495 Testis
322 452 376 493 mihi
384 452 487 502 lectulus,
497 460 552 493 etto
561 463 564 469 ·

31 532 61 573 Ad
70 544 138 585 quem
147 528 243 584 pervenit
252 527 300 569 lecti
309 540 386 577 sonus,
395 536 416 567 et
425 524 518 568 dominre
527 537 574 565 vox.

31 604 144 655 instabile,
154 618 178 645 ac
187 602 259 644 dirimi
268 612 374 657 coeptum,
384 600 460 657 etjam
470 614 529 657 paene
538 599 634 641 solutum

33 678 165 735 conjugium
174 678 197 718 in
209 676 283 719 multis
292 676 394 718 domibus
404 675 494 717 servavit
503 673 592 716 adulter.

33 754 79 808 Quo
89 760 109 793 te
118 751 264 805 circumagis?
272 762 319 804 que
328 749 399 804 prima
409 758 447 790 eut
457 747 534 790 ultime
542 751 622 802 ponae?

35 824 123 866 Nullum
131 837 182 878 ergo
190 822 292 865 meritum
300 832 342 873 est,
350 822 433 877 ingrate
441 835 465 862 ac
472 819 552 875 perfide
558 852 563 869 ‚
570 818 663 870 uniium,

35 897 95 953 Quod
105 896 144 938 tihi
154 894 233 937 filiolus
241 893 274 935 vei
284 894 328 935 filia
337 893 434 935 nascitur
441 904 467 933 ex
476 896 523 932 me!
572 912 575 917 -

35 967 97 1009 Toliis
106 967 176 1017 enim,
185 966 276 1009 etiibrie
286 974 384 1007 actorum
394 976 493 1019 spargere
501 963 580 1019 gaudes

34 1043 164 1095 Argumenta
173 1037 218 1079 viri.
228 1037 318 1080 Foribus
327 1036 433 1091 suspende
442 1048 544 1085 coronas,

34 1115 81 1154 iam
91 1122 151 1168 peter
161 1125 195 1153 es:
205 1110 304 1153 dedimus
314 1110 372 1165 quod
382 1108 446 1151 fame
457 1122 565 1165 opponere
573 1107 646 1165 possis.

35 1190 85 1229 Jura
94 1186 188 1243 parentis
200 1186 277 1237 habes,
287 1195 375 1241 propter
384 1199 420 1227 me
429 1184 527 1227 scriberis
536 1184 613 1234 heres,

36 1263 136 1317 Legatum
147 1273 211 1301 omne
221 1260 290 1315 capis,
300 1271 393 1300 necnon
403 1268 423 1301 et
432 1258 494 1300 dulce
503 1260 617 1301 caducum.

9 1372 12 1383 ,
37 1336 155 1377 Commoda
164 1342 265 1390 preterea
272 1333 393 1387 jungentur
402 1332 472 1374 muita
481 1331 578 1381 caducis,

38 1408 56 1449 Si
66 1421 196 1458 numerum,
206 1407 223 1449 si
234 1416 275 1449 trec
284 1402 507 1461 implevero-lusto
515 1404 607 1454 doioria,

39 1482 131 1533 Nevole,
142 1495 207 1524 cansa
217 1482 255 1523 tui.
265 1482 376 1523 -Contra
386 1490 459 1523 tamen
469 1480 503 1522 iiie
512 1480 564 1535 quid
573 1478 649 1521 affert!

7 1606 8 1613 ἵ
39 1557 138 1613 Negligit,
148 1566 213 1613 atque
222 1555 289 1599 alium
299 1556 400 1611 bipedem
409 1556 449 1598 sibi
459 1555 536 1611 quierit
543 1553 639 1597 asellum.

39 1632 83 1673 Hace
91 1630 131 1673 soli
140 1630 256 1673 commissa
266 1631 305 1673 tibi
316 1629 384 1673 celare
394 1640 516 1682 memento¹

38 1706 61 1744 Et
71 1704 148 1746 tacitus
157 1713 241 1745 nostras
249 1702 306 1744 intra
317 1712 337 1743 te
344 1704 387 1757 fige
396 1702 504 1757 quereias;

7 1810 9 1839 t
39 1779 94 1819 Nem
104 1791 137 1819 res
147 1776 259 1819 mortifera
268 1786 299 1819 est
308 1776 410 1817 inimicus
419 1773 506 1829 pumice
514 1773 577 1815 ieris.

7 1844 8 1873 ³
39 1850 79 1905 Qui
88 1850 155 1890 modo
165 1858 270 1891 secretum
280 1848 429 1897 commiserat,
439 1847 500 1888 ardet
509 1854 530 1888 et
539 1846 596 1894 odit,

40 1924 149 1979 Tanquam
159 1922 290 1979 prodiderim
299 1921 405 1977 quidquid
413 1920 464 1962 scio.
474 1922 562 1961 Sumere
571 1918 666 1970 ferrum,

40 1997 98 2038 inste
108 1994 191 2052 aperire
201 2004 276 2050 caput,
286 1992 399 2037 candelam
408 2004 516 2049 apponere
524 1990 590 2033 valvis

7 2048 14 2107 i
40 2073 85 2113 Non
95 2070 188 2113 dubitat.
198 2072 242 2112 Nec
252 2080 378 2113 contemnas
387 2078 427 2110 aut
436 2067 550 2124 despicias,
558 2068 617 2122 quod

7 2126 10 2163 Ι
39 2145 69 2188 His
79 2146 158 2202 opibus
168 2158 283 2200 nunquam
292 2156 341 2188 cara
350 2152 382 2186 est
391 2156 478 2185 annona
487 2141 569 2184 veneni.

38 2220 87 2276 Ergo
96 2218 184 2262 occuita
194 2208 261 2274 teges,
270 2227 296 2261 ut
305 2217 365 2261 curia
374 2215 448 2259 aaron
457 2214 550 2259 Athenio.

581 2291 603 2339 7².
