1584 2642
44 258 59 285 v.
71 256 100 300 97.
256 243 374 286 SATtltt
392 244 425 285 ll.
628 258 651 299 ¹9

43 334 124 376 cerulea
132 333 218 377 indutus
226 312 343 384 scutulato,
352 344 390 375 out
399 332 490 389 galbana
498 346 555 384 ηας

45 408 66 448 Et
73 410 215 461 perlunonem
225 405 308 448 domini
313 406 403 461 jurante
412 405 517 447 ministro.

45 477 75 518 llle
85 488 135 520 tenet
143 478 264 533 speculum.
274 478 353 533 padrici
363 488 472 533 gestamen
481 478 580 531 Othonis,

45 552 123 591 lerona
132 542 227 592 Aurunci
238 561 340 599 sentium
351 563 394 604 quo
404 563 425 591 se
434 550 469 591 ille
478 550 562 593 ridebat

46 624 155 673 limatum,
165 638 232 679 quum
240 623 288 678 jam
299 622 344 665 tolli
353 624 427 665 vexilla
433 623 526 679 juberet

46 699 77 738 iles
87 699 218 741 memoranda
229 698 288 739 novis
298 697 423 748 annalibus,
432 708 496 752 atque
505 700 582 740 recenti

45 770 135 821 Historia,
144 769 254 826 speculum
263 768 329 810 civilis
338 769 421 811 sarcina
430 768 490 810 belli!

45 843 142 885 Nimirum
152 844 232 885 summi
241 843 301 885 ducis
310 852 341 885 est
350 842 445 883 occidere
455 840 554 888 Galbam,

47 914 67 954 n
76 928 144 956 curare
152 924 224 956 cutem
234 914 315 955 summi
324 912 443 955 constantia
452 912 514 962 civio3

47 988 129 1029 Bebriaci
138 988 159 1028 in
169 1001 247 1042 campo
255 986 347 1041 spolium
358 984 465 1027 adfectare
474 985 549 1036 Palati,

46 1060 165 1113 Etpressum
175 1059 197 1099 iu
208 1057 284 1099 taciem
293 1056 364 1111 digitis
373 1057 484 1098 extendere
493 1050 581 1111 padern;

47 1132 100 1187 Quod
109 1146 146 1173 noc
155 1132 177 1173 in
186 1132 269 1187 Assyrio
279 1132 401 1186 pharetrata
409 1130 533 1173 Semiramis
542 1131 605 1181 orbo,

47 1206 109 1247 Masta
118 1220 156 1248 nec
165 1206 250 1248 leuuca
259 1205 309 1247 iecit
317 1205 428 1261 Cleopatra
437 1205 516 1247 carina.

47 1352 78 1394 llic
87 1352 155 1396 nullus
165 1353 233 1395 verbis
243 1353 312 1408 pudor
323 1362 360 1394 aut
369 1352 486 1395 reverentia
495 1365 584 1394 mense:

47 1426 77 1466 llic
86 1427 150 1482 turpis
159 1427 258 1483 Cybeles,
267 1436 288 1467 et
298 1424 366 1467 fracta
375 1440 425 1467 voce
434 1425 535 1481 loquendi

47 1498 141 1549 libertas;
152 1510 173 1542 et
182 1500 241 1541 crine
250 1512 313 1541 senex
323 1498 429 1541 fanaticus
438 1499 487 1540 albo

46 1569 150 1612 Sacrorum
160 1570 258 1619 antistes,
268 1582 342 1611 rarum
351 1584 375 1611 ac
386 1570 526 1612 memorabile
535 1572 608 1625 magni

47 1641 134 1685 Gutturis
143 1642 278 1697 exemplum,
288 1644 481 1698 conducendnaque
490 1644 598 1698 magister.

47 1713 95 1765 Quid
104 1724 176 1757 tamen
186 1723 318 1769 exspectant,
328 1714 418 1771 phrygio
428 1728 481 1769 quos
491 1723 575 1769 tempus
584 1724 630 1757 erat
634 1713 682 1769 jam

48 1784 261 1841 Moreoupervacuam
270 1784 344 1826 cultris
352 1784 475 1826 abscindere
484 1790 583 1826 carnemt

49 1930 210 1985 Quintianum
220 1930 278 1973 dedit
285 1930 392 1973 Gracchus
401 1929 508 1980 sertertia‚
518 1930 590 1971 dotem

48 2001 156 2054 comicini,
167 2003 211 2045 sive
220 2002 255 2043 hic
264 2012 321 2044 recto
331 2009 452 2042 cantaverat
460 2013 507 2041 are.

48 2072 128 2127 Signata
138 2075 229 2126 tabula),
238 2075 320 2117 dictum
330 2073 429 2116 feliciter!
438 2073 511 2127 ingens

49 2146 102 2190 Cena
111 2151 170 2191 sedet
179 2164 183 2188 :
194 2147 276 2204 gremio
275 2147 351 2203 jacuit
359 2160 415 2189 nova
423 2155 491 2200 nupta
499 2144 577 2187 mariti.

49 2220 62 2255 0
70 2222 173 2272 proceret!
184 2223 275 2263 Censore
285 2232 338 2274 opus
347 2228 389 2269 est,
398 2232 426 2260 an
435 2217 547 2273 haruspice
555 2216 628 2258 nobist

578 2302 598 2329 Ι.
