1584 2642
115 203 155 258 ηε
338 201 486 244 sariaci
728 207 762 250 NJ

87 285 91 297 “
113 291 205 346 castiges
215 289 309 332 trutina:
318 303 357 332 nee
367 299 388 331 te
396 287 516 344 quaesiveris
525 295 591 330 extra.

114 366 171 406 Nam
180 367 252 406 Roma
261 363 349 418 estquis
357 367 414 404 uon!
424 372 456 410 at,
466 361 483 402 si
493 360 524 402 ias
534 359 616 401 dicere:
626 359 665 402 scd
676 357 709 402 fas

116 438 188 486 Tunc,
198 451 249 478 cum
259 437 286 478 ad
295 436 407 485 canitiem,
417 445 438 477 et
446 443 545 476 nostrum
554 433 612 475 istud
624 433 697 474 vivere
707 429 759 472 triste

116 509 217 563 Adspexi,
226 517 248 550 et
256 509 348 550 nutibus
357 507 449 549 iacimus
458 519 599 562 quecumque
609 505 703 554 relictis.

116 584 171 624 Cum
181 582 276 637 sapimus
286 592 386 638 patruos:
397 592 459 629 tunc.
470 592 528 624 tuuc.
537 579 650 636 ignoscite.
661 578 724 621 Nolo.

117 655 174 712 Quid
184 654 275 696 faciam?
283 656 320 697 sed
329 669 378 697 sum
387 653 492 710 petulanti
502 653 573 709 splene
582 652 698 694 cachinno.

118 727 235 769 Scribimus
245 727 332 776 inclusi,
342 739 444 769 numeros
453 724 499 776 ine,
510 724 544 765 hic
554 724 607 780 pede
617 723 679 774 liber,

120 803 204 845 Grande
213 801 304 857 aliquid,
314 802 372 856 quod
381 800 458 856 pulmo
466 799 544 840 anima
553 798 670 853 praelargus
680 793 758 839 anhelet

118 877 201 919 Scilicet
210 878 254 919 haec
263 878 354 934 populo,
364 889 484 932 pexusque,
495 884 586 931 togaque
596 875 687 926 recenti,

119 950 146 990 Et
153 948 251 991 natalitia
259 951 346 992 tandem
355 961 407 990 cum
416 948 547 1004 sardonyche
556 945 629 998 albus,

120 1022 173 1063 Sede
181 1021 253 1075 legens
261 1023 327 1073 celsa,
336 1023 418 1078 liquido
427 1035 478 1064 cum
487 1021 590 1078 plasmate
600 1030 676 1078 guttur

121 1091 200 1134 Mobile
209 1092 325 1143 malueris,
334 1095 428 1148 patranti
438 1094 518 1135 fractus
527 1092 606 1144 ocello,

121 1165 159 1206 liic
168 1178 237 1218 neque
247 1177 307 1205 more
315 1166 383 1220 probo
393 1167 475 1216 videas,
485 1179 554 1221 neque
562 1179 613 1208 voce
623 1179 696 1207 serena

121 1240 219 1293 lugentes
228 1238 333 1292 trepidare
342 1239 411 1290 Titos,
421 1253 472 1281 cum
482 1240 577 1282 earmina
586 1239 688 1282 lumbum

122 1314 216 1363 intrant,
225 1321 247 1353 et
256 1311 349 1354 tremulo
358 1312 484 1368 scalpuntur
493 1314 530 1355 ubi
540 1314 617 1356 intima
626 1327 694 1356 versu.

123 1383 184 1432 Tun',
193 1382 274 1432 vetule,
284 1382 385 1425 auriculis
394 1383 468 1427 alienis
477 1384 557 1441 colligis
566 1391 635 1427 escaal

124 1453 230 1497 Auriculis
238 1454 318 1509 quibus
326 1463 348 1496 et
356 1455 414 1498 dicas
422 1466 471 1499 cute
480 1457 586 1512 perditus,
596 1457 649 1499 ohe!

126 1530 174 1586 Quo
183 1528 291 1580 didicisse,
300 1529 341 1571 nisi
351 1530 391 1571 hoc
402 1529 544 1584 fermentum,
554 1541 575 1573 et
584 1544 631 1585 qua
640 1529 703 1573 semel
712 1529 761 1572 intus

125 1604 201 1644 lunata
210 1611 251 1653 est,
261 1612 324 1659 rupto
330 1601 403 1658 jecore
413 1603 486 1645 exierit
495 1603 619 1658 caprificus?

126 1674 157 1715 En
167 1673 241 1728 pallor,
250 1674 384 1728 seniumque.
393 1675 411 1716 0
420 1676 502 1715 mores!
511 1687 579 1728 usque
588 1675 667 1716 adeone

126 1746 183 1788 Scire
194 1755 268 1796 tuum,
278 1745 330 1788 nihil
340 1755 381 1796 est,
391 1746 432 1788 nisi
442 1755 462 1787 te
471 1746 524 1788 scire
533 1746 585 1798 hoc,
594 1745 645 1788 sciat
654 1745 714 1789 alter!

126 1823 153 1862 At
161 1819 277 1875 pulchrum
287 1831 319 1862 eat
327 1821 393 1875 digito
403 1821 530 1871 monstrari,
539 1831 560 1862 et
569 1820 639 1872 dicier,
648 1821 681 1862 hic
689 1830 728 1863 est:

127 1891 177 1932 'fen'
186 1891 313 1934 cirratorum
323 1901 410 1934 centum
420 1892 498 1934 dictata
507 1890 572 1934 fuisse

128 1966 168 2006 Pro
177 1964 244 2006 nihilo
253 1965 343 2020 pendes!
352 1979 400 2007 ecce
409 1966 465 2007 inter
474 1965 550 2021 pocula
559 1977 656 2020 quaeruut

128 2035 246 2078 Romulidae
254 2037 332 2086 saturi,
341 2037 394 2090 quid
403 2038 438 2078 dia
447 2048 547 2092 poemata
556 2049 647 2080 narrent.

129 2106 166 2147 liic
175 2105 262 2160 aliquia,
272 2107 307 2148 cui
316 2107 399 2149 circum
407 2109 509 2151 humeros
518 2110 655 2167 hyacinthina
664 2109 713 2155 lama
720 2119 754 2158 est,

129 2178 273 2222 Rancidulum
282 2179 387 2233 quiddam
394 2179 461 2227 balba
468 2183 495 2224 de
504 2197 556 2227 aare
564 2183 647 2228 locutus
