1584 2642
136 183 164 235 34
320 187 343 226 D.
361 185 378 226 J.
396 186 591 232 JUVENAHS
682 197 772 248 uz93,

134 271 278 315 'tantumdem
287 282 329 323 est,
340 272 421 316 feriunt
429 274 521 329 pariter:
530 276 654 321 vadimonia
662 279 742 326 deinde

133 344 184 385 irati
194 344 282 387 faciunt.
294 346 387 389 Libertas
396 349 496 404 pauperis
504 350 549 392 haec
558 362 600 394 est:

133 416 229 459 Pulsatus
238 429 308 474 rogat,
318 430 339 463 et
347 422 425 483 pugnis
433 423 530 466 concisus
539 426 625 479 adorat,

135 491 162 531 Ut
170 489 232 534 liceat
241 494 314 547 paucis
323 509 373 537 cum
383 497 483 540 dentibus
492 498 542 550 inde
551 500 637 552 reverti.¹
782 457 784 556 i

134 636 181 679 Nnc
190 646 262 682 tamen
271 640 316 684 hnc
325 651 411 687 tantum
420 654 517 687 metuas:
527 659 578 687 nam
587 645 625 701 qui
634 646 714 701 spoliet
724 658 745 690 te
782 673 784 706 ς

134 713 184 755 Non
193 716 270 768 deerit,
281 717 356 761 clausis
366 719 468 761 domibus
477 730 591 775 postquem
600 720 672 763 omnis
682 722 771 779 ubique
782 743 783 746 ¹

135 787 184 831 Fixa
194 799 295 834 catenate
304 792 363 836 siluit
371 807 476 849 compago
486 794 585 835 taberna.

133 861 244 924 Interdum
254 874 275 907 et
284 863 340 908 ferro
349 866 433 909 subitus
443 875 549 921 grassator
558 864 601 921 agit
609 878 667 917 rem,

133 936 221 978 armato
231 938 314 991 quoties
324 948 374 981 tntae
384 940 472 984 custode
482 948 582 983 tenentur

133 1010 158 1049 Et
166 1010 280 1063 Pomptina
288 1010 359 1065 palus,
369 1021 390 1053 et
399 1010 513 1054 Gallinaria
522 1012 599 1066 pinus:

135 1080 167 1121 Sic
177 1081 225 1121 inde
235 1080 278 1122 hue
287 1095 372 1133 omnes,
383 1092 487 1135 tanquam
497 1084 524 1123 ad
533 1084 623 1134 vivaria,
637 1079 739 1128 currunt

135 1153 183 1207 Qua
192 1150 277 1193 fornace
287 1165 370 1206 graves,
379 1167 422 1207 qua
431 1165 476 1194 non
484 1153 562 1196 incude
571 1161 661 1197 catenat

135 1226 240 1269 Maximus
250 1224 272 1267 in
282 1224 355 1267 vinclis
364 1224 415 1266 ferri
425 1224 513 1276 modus,
523 1235 548 1268 ut
558 1225 644 1276 timeas,
652 1242 681 1270 ne

113 1347 116 1353 ,
133 1298 214 1341 Vomer
222 1298 317 1351 deficiat,
327 1313 354 1341 ne
363 1311 451 1349 marrae,
460 1307 481 1341 et
490 1298 572 1340 sarcula
582 1298 656 1343 desint

134 1372 210 1415 Felices
220 1385 350 1428 proavorum
359 1382 444 1423 atavos,
453 1370 522 1415 felicia
531 1373 588 1415 dicas

134 1442 220 1495 Secula,
229 1458 276 1499 quae
285 1444 395 1497 quondam
405 1445 446 1486 sub
455 1446 550 1500 regibus,
560 1456 624 1501 atque
634 1447 730 1492 tribunis

135 1516 241 1557 Viderunt
250 1528 293 1558 uno
303 1524 428 1559 contentam
437 1530 519 1559 carcere
527 1520 629 1561 aemam!

136 1666 172 1705 Hrs
182 1661 232 1703 alias
241 1670 349 1717 poteram,
359 1673 380 1706 et
389 1663 460 1720 plnres
470 1664 594 1706 subnectere
603 1678 691 1707 causas:

137 1738 176 1781 Sed
182 1736 281 1793 jumenta
290 1746 377 1787 vocant,
387 1746 409 1779 et
418 1736 450 1778 sal
458 1735 558 1779 inclinat:
568 1738 666 1780 eundum
674 1749 715 1781 est

137 1812 193 1853 Nam
203 1808 256 1851 mihi
265 1819 374 1852 commota
381 1809 430 1865 jam
439 1810 522 1851 dudum
532 1810 600 1852 mulio
609 1811 669 1866 virga

138 1884 221 1929 Adnuit.
231 1886 284 1939 Ergo
294 1884 339 1927 vale
348 1886 415 1927 nostri
424 1897 519 1936 memor;
530 1896 552 1927 et
560 1885 642 1941 quoties
653 1893 673 1927 te

138 1960 204 2000 Roma
214 1966 251 1999 tuo
261 1956 318 1999 refici
328 1965 478 2013 properantem
487 1958 561 1999 reddet
568 1956 662 2011 aquino,

140 2034 172 2073 Me
181 2045 266 2086 quoque
275 2033 302 2074 ad
311 2032 421 2074 Helvinam
430 2032 540 2083 Cererem,
548 2040 683 2084 vestramque
692 2032 778 2075 Dianam

139 2102 235 2145 Convelle
244 2119 257 2145 a
266 2105 339 2148 Gumis
348 2122 352 2146 :
362 2105 478 2147 satirarum
488 2119 536 2160 ego,
546 2106 569 2145 ni
577 2103 644 2158 pndet
652 2102 710 2155 illas,

138 2174 227 2230 Adjucor
236 2176 315 2229 gelidos
325 2178 409 2221 veniam
419 2177 520 2233 caligatus
527 2177 550 2219 in
558 2189 626 2229 agrm.
