1584 2642
25 266 91 309 v.·99.
243 246 360 293 s'ltlt'tl
379 252 422 293 lV.
558 207 566 239 l
626 254 654 305 39

24 341 109 385 Profuit
116 354 166 398 ergo
175 340 228 383 nihil
239 341 328 393 misero,
337 342 394 397 quod
405 341 504 385 eominus
513 354 574 385 ursos

27 414 114 468 Figehat
124 412 239 463 Numidas,
248 413 330 456 Albana
339 415 411 455 nudus
420 428 485 456 arena

29 488 129 529 Venator.
139 482 191 545 Quis
200 488 257 530 enim
265 487 312 543 jam
322 502 366 530 non
376 488 479 544 intelligat
487 499 542 532 artes

28 562 139 604 Patricias?
148 562 196 617 quis
205 562 299 618 priscum
309 562 360 604 illud
371 563 462 606 miretur
470 578 572 617 acumen,

29 636 102 688 Brute,
113 640 189 678 tuum!
198 636 266 678 Facile
275 646 307 679 est
315 637 405 679 barbato
413 636 524 693 imponere
533 639 583 695 regi

32 780 77 821 Nnc
87 779 164 821 melior
173 778 246 830 vultu,
255 780 353 835 quamvis
362 780 472 836 ignobilis,
482 782 528 824 ibat

33 852 135 899 Rubrius,
146 851 233 893 offensor
243 852 317 894 veteris
326 866 374 894 reus
383 862 447 907 atque
457 855 560 903 tacenda

33 926 57 966 Et
66 934 139 967 tamen
149 925 268 980 improbior
276 926 365 968 satiram
373 926 479 969 scribente
488 927 574 970 oinaedo.

34 1000 129 1041 Montani
139 1014 224 1055 quoque
234 1010 306 1043 venter
315 1001 375 1043 adest
383 1001 499 1044 abdomine
508 1004 591 1055 tardus;

34 1075 58 1115 Et
68 1072 177 1115 matutino
186 1075 264 1116 sudans
273 1074 382 1130 Crispinus
390 1090 490 1125 amomo,

35 1148 146 1203 Quantum
155 1146 189 1188 vix
199 1146 293 1189 redolent
302 1148 347 1189 duo
356 1144 439 1190 lunera.
449 1149 525 1192 Sevior
534 1150 570 1192 illo

35 1217 147 1273 Pompeius
157 1218 215 1260 tenni
222 1218 310 1273 jugulos
320 1220 401 1274 aperire
410 1234 509 1272 susurro,-

35 1292 70 1341 Et,
79 1290 117 1345 qui
127 1289 248 1332 vulturibus
258 1292 356 1335 servabat
364 1292 445 1334 viscera
453 1294 524 1343 Dacis,

37 1366 127 1413 Fuscus,
137 1377 259 1406 marmorea
268 1365 384 1407 meditatus
393 1366 465 1421 prelia
474 1367 534 1417 villa3

37 1438 123 1478 Etcum
133 1434 244 1477 mortifero
254 1437 347 1491 prudens
356 1436 447 1493 Vejento
456 1438 552 1489 Catullo,
595 1441 598 1447 '

37 1510 77 1565 Qui
87 1523 201 1565 nunquam
212 1510 258 1551 visae
268 1509 371 1565 flagrabat
379 1525 454 1553 amore
463 1512 548 1567 puella,

38 1585 121 1626 Grande
127 1583 294 1639 eteonspicuum
299 1592 372 1626 nostro
377 1599 464 1640 quoque
469 1595 565 1641 ternpore
569 1592 697 1633 monstrum

38 1660 111 1699 Coecus
120 1654 225 1705 adulator,
235 1655 336 1710 dirusque
345 1670 358 1697 a
367 1666 432 1712 ponte
440 1658 534 1712 satelles,

39 1732 118 1787 Dignus
128 1729 222 1771 Aricinos
230 1730 268 1784 qui
278 1730 408 1773 mendicaret
417 1732 444 1773 ad
452 1744 513 1783 ares,

40 1802 161 1856 Blandaque
169 1802 251 1842 devm
258 1801 349 1857 jactaret
359 1801 417 1844 basia
426 1803 503 1844 rhedz.

42 1878 112 1917 Nemo
122 1872 190 1929 magis
199 1872 316 1915 rhombum
326 1874 422 1929 stupuit:
432 1886 483 1914 nam
492 1873 587 1929 plurima
595 1876 647 1920 dixit

42 1950 66 1990 ln
75 1948 154 1989 laevum
164 1958 287 1995 conversus;
297 1954 320 1987 at
328 1945 359 1987 illi
368 1946 442 1987 dextra
448 1944 535 2000 jacebat

43 2021 127 2063 Bellua:
138 2019 167 2061 sie
177 2032 259 2074 pugnas
267 2019 336 2062 Cilicis
346 2020 457 2068 laudabat,
467 2027 489 2061 et
497 2019 563 2072 ictus3

10 2112 11 2118 ¹
45 2096 69 2137 Et
78 2104 166 2149 pegma,
176 2099 197 2133 et
206 2104 283 2147 pueros
292 2092 341 2134 inde
350 2092 377 2134 ad
386 2090 465 2133 velaria
473 2100 552 2146 raptos.

45 2166 94 2208 Non
103 2163 158 2206 cedit
167 2162 268 2219 Veiento,
279 2165 325 2214 sed,
336 2174 360 2206 ut
369 2163 486 2212 fanaticus,
495 2172 559 2207 (estro

45 2239 170 2287 Percussus,
179 2234 274 2287 Bellona,
284 2244 322 2278 tuo
332 2235 424 2288 divinat,
432 2245 464 2288 et,
473 2237 546 2292 ingena
