<?xml version="1.0" encoding="UTF-8"?>
<!DOCTYPE html PUBLIC "-//W3C//DTD XHTML 1.0 Transitional//EN"
    "http://www.w3.org/TR/xhtml1/DTD/xhtml1-transitional.dtd">
<html xmlns="http://www.w3.org/1999/xhtml" xml:lang="en" lang="en">
 <head>
  <title>
</title>
<meta http-equiv="Content-Type" content="text/html;charset=utf-8" />
  <meta name='ocr-system' content='tesseract 3.04.00' />
  <meta name='ocr-capabilities' content='ocr_page ocr_carea ocr_par ocr_line ocrx_word'/>
</head>
<body>
  <div class='ocr_page' id='page_1' title='image "./djuniijuvenalis00rupegoog_0191.png"; bbox 0 0 1584 2642; ppageno 0'>
   <div class='ocr_carea' id='block_1_1' title="bbox 378 3 783 14">
    <p class='ocr_par' dir='ltr' id='par_1_1' title="bbox 378 3 783 14">
     <span class='ocr_line' id='line_1_1' title="bbox 378 3 783 14; baseline -0.01 -1"><span class='ocrx_word' id='word_1_1' title='bbox 378 5 453 9; x_wconf 70' lang='lat' dir='ltr'>----v</span> <span class='ocrx_word' id='word_1_2' title='bbox 462 3 783 14; x_wconf 34' lang='lat' dir='ltr'><strong>—v-—vv-——ffi--fi</strong></span> 
     </span>
    </p>
   </div>
   <div class='ocr_carea' id='block_1_2' title="bbox 39 188 669 243">
    <p class='ocr_par' dir='ltr' id='par_1_2' title="bbox 39 188 669 243">
     <span class='ocr_line' id='line_1_2' title="bbox 39 188 669 243; baseline -0.002 -14"><span class='ocrx_word' id='word_1_3' title='bbox 39 202 56 229; x_wconf 78' lang='lat' dir='ltr'><strong>t.</strong></span> <span class='ocrx_word' id='word_1_4' title='bbox 68 192 105 243; x_wconf 72' lang='grc'><strong>45.</strong></span> <span class='ocrx_word' id='word_1_5' title='bbox 274 188 393 230; x_wconf 75' lang='lat' dir='ltr'><strong>satiat</strong></span> <span class='ocrx_word' id='word_1_6' title='bbox 410 188 441 228; x_wconf 86' lang='lat'><strong>11.</strong></span> <span class='ocrx_word' id='word_1_7' title='bbox 632 189 669 229; x_wconf 82' lang='lat' dir='ltr'><strong>1t3</strong></span> 
     </span>
    </p>
   </div>
   <div class='ocr_carea' id='block_1_3' title="bbox 38 274 670 834">
    <p class='ocr_par' dir='ltr' id='par_1_3' title="bbox 38 274 670 766">
     <span class='ocr_line' id='line_1_3' title="bbox 38 274 468 331; baseline -0.005 -13"><span class='ocrx_word' id='word_1_8' title='bbox 38 276 132 318; x_wconf 74' lang='lat' dir='ltr'><strong>Arcessis</strong></span> <span class='ocrx_word' id='word_1_9' title='bbox 141 275 203 318; x_wconf 76' lang='lat' dir='ltr'><strong>fibra.</strong></span> <span class='ocrx_word' id='word_1_10' title='bbox 212 276 241 317; x_wconf 84' lang='lat' dir='ltr'><strong>Da</strong></span> <span class='ocrx_word' id='word_1_11' title='bbox 251 274 361 317; x_wconf 79' lang='lat' dir='ltr'><strong>fortunare</strong></span> <span class='ocrx_word' id='word_1_12' title='bbox 370 284 468 331; x_wconf 81' lang='lat' dir='ltr'><strong>penates,</strong></span> 
     </span>
     <span class='ocr_line' id='line_1_4' title="bbox 39 345 641 404; baseline -0.005 -14"><span class='ocrx_word' id='word_1_13' title='bbox 39 349 68 389; x_wconf 83' lang='lat' dir='ltr'><strong>Da</strong></span> <span class='ocrx_word' id='word_1_14' title='bbox 75 361 158 404; x_wconf 83' lang='lat' dir='ltr'><strong>pecus,</strong></span> <span class='ocrx_word' id='word_1_15' title='bbox 168 356 189 389; x_wconf 89' lang='lat' dir='ltr'><strong>et</strong></span> <span class='ocrx_word' id='word_1_16' title='bbox 198 346 295 402; x_wconf 74' lang='lat' dir='ltr'><strong>gregibus</strong></span> <span class='ocrx_word' id='word_1_17' title='bbox 304 346 379 388; x_wconf 84' lang='lat' dir='ltr'><strong>fetum.</strong></span> <span class='ocrx_word' id='word_1_18' title='bbox 389 349 448 403; x_wconf 84' lang='lat' dir='ltr'><strong>Quo,</strong></span> <span class='ocrx_word' id='word_1_19' title='bbox 458 345 557 402; x_wconf 82' lang='lat' dir='ltr'><strong>pessime,</strong></span> <span class='ocrx_word' id='word_1_20' title='bbox 567 355 641 401; x_wconf 81' lang='lat' dir='ltr'><strong>pacto,</strong></span> 
     </span>
     <span class='ocr_line' id='line_1_5' title="bbox 41 419 670 476; baseline -0.003 -14"><span class='ocrx_word' id='word_1_21' title='bbox 41 423 81 464; x_wconf 83' lang='lat' dir='ltr'><strong>Tot</strong></span> <span class='ocrx_word' id='word_1_22' title='bbox 90 421 133 463; x_wconf 82' lang='lat' dir='ltr'><strong>tibi</strong></span> <span class='ocrx_word' id='word_1_23' title='bbox 143 434 194 462; x_wconf 87' lang='lat' dir='ltr'><strong>cum</strong></span> <span class='ocrx_word' id='word_1_24' title='bbox 203 420 227 461; x_wconf 90' lang='lat' dir='ltr'><strong>iu</strong></span> <span class='ocrx_word' id='word_1_25' title='bbox 235 419 329 462; x_wconf 84' lang='lat' dir='ltr'><strong>flammis</strong></span> <span class='ocrx_word' id='word_1_26' title='bbox 335 419 437 476; x_wconf 84' lang='lat' dir='ltr'><strong>junicum</strong></span> <span class='ocrx_word' id='word_1_27' title='bbox 447 429 533 462; x_wconf 84' lang='lat' dir='ltr'><strong>omenta</strong></span> <span class='ocrx_word' id='word_1_28' title='bbox 542 419 670 475; x_wconf 67' lang='lat' dir='ltr'><strong>Bquesctnt?</strong></span> 
     </span>
     <span class='ocr_line' id='line_1_6' title="bbox 39 489 534 547; baseline -0.006 -13"><span class='ocrx_word' id='word_1_29' title='bbox 39 494 63 535; x_wconf 84' lang='lat' dir='ltr'><strong>Et</strong></span> <span class='ocrx_word' id='word_1_30' title='bbox 73 504 151 535; x_wconf 80' lang='lat' dir='ltr'><strong>tamen</strong></span> <span class='ocrx_word' id='word_1_31' title='bbox 160 492 196 533; x_wconf 90' lang='lat' dir='ltr'><strong>hic</strong></span> <span class='ocrx_word' id='word_1_32' title='bbox 204 492 266 541; x_wconf 78' lang='lat' dir='ltr'><strong>extis,</strong></span> <span class='ocrx_word' id='word_1_33' title='bbox 276 502 297 533; x_wconf 88' lang='lat' dir='ltr'><strong>et</strong></span> <span class='ocrx_word' id='word_1_34' title='bbox 305 492 378 547; x_wconf 87' lang='lat' dir='ltr'><strong>opimo</strong></span> <span class='ocrx_word' id='word_1_35' title='bbox 387 491 470 532; x_wconf 77' lang='lat' dir='ltr'><strong>vincere</strong></span> <span class='ocrx_word' id='word_1_36' title='bbox 480 489 534 532; x_wconf 77' lang='lat' dir='ltr'><strong>ferto</strong></span> 
     </span>
     <span class='ocr_line' id='line_1_7' title="bbox 42 562 576 620; baseline -0.004 -14"><span class='ocrx_word' id='word_1_37' title='bbox 42 565 139 608; x_wconf 80' lang='lat' dir='ltr'>Intendit</span> <span class='ocrx_word' id='word_1_38' title='bbox 149 581 154 605; x_wconf 76' lang='grc' dir='ltr'><strong><em>ε</em></strong></span> <span class='ocrx_word' id='word_1_39' title='bbox 161 563 209 620; x_wconf 86' lang='lat' dir='ltr'><strong>jam</strong></span> <span class='ocrx_word' id='word_1_40' title='bbox 218 564 293 606; x_wconf 80' lang='lat' dir='ltr'><strong>crescit</strong></span> <span class='ocrx_word' id='word_1_41' title='bbox 299 577 348 620; x_wconf 81' lang='lat' dir='ltr'><strong>ager</strong></span> <span class='ocrx_word' id='word_1_42' title='bbox 357 581 362 604; x_wconf 91' lang='lat'><strong>:</strong></span> <span class='ocrx_word' id='word_1_43' title='bbox 369 563 417 618; x_wconf 85' lang='lat' dir='ltr'><strong>jam</strong></span> <span class='ocrx_word' id='word_1_44' title='bbox 429 563 503 605; x_wconf 82' lang='lat' dir='ltr'><strong>crescit</strong></span> <span class='ocrx_word' id='word_1_45' title='bbox 512 562 576 614; x_wconf 80' lang='lat' dir='ltr'><strong>ovilc;</strong></span> 
     </span>
     <span class='ocr_line' id='line_1_8' title="bbox 40 634 624 691; baseline -0.005 -12"><span class='ocrx_word' id='word_1_46' title='bbox 40 640 88 679; x_wconf 85' lang='lat' dir='ltr'><strong>lam</strong></span> <span class='ocrx_word' id='word_1_47' title='bbox 98 637 198 686; x_wconf 84' lang='lat' dir='ltr'><strong>dabitur,</strong></span> <span class='ocrx_word' id='word_1_48' title='bbox 204 635 252 691; x_wconf 90' lang='lat' dir='ltr'><strong>jam</strong></span> <span class='ocrx_word' id='word_1_49' title='bbox 258 634 318 691; x_wconf 86' lang='lat' dir='ltr'><strong>jam,</strong></span> <span class='ocrx_word' id='word_1_50' title='bbox 326 636 394 677; x_wconf 85' lang='lat' dir='ltr'><strong>donec</strong></span> <span class='ocrx_word' id='word_1_51' title='bbox 403 636 515 690; x_wconf 83' lang='lat' dir='ltr'><strong>deceptus,</strong></span> <span class='ocrx_word' id='word_1_52' title='bbox 524 644 545 677; x_wconf 93' lang='lat' dir='ltr'><strong>et</strong></span> <span class='ocrx_word' id='word_1_53' title='bbox 553 647 624 690; x_wconf 77' lang='lat' dir='ltr'>exspes</span> 
     </span>
     <span class='ocr_line' id='line_1_9' title="bbox 41 706 577 766; baseline -0.007 -15"><span class='ocrx_word' id='word_1_54' title='bbox 41 710 194 766; x_wconf 86' lang='lat' dir='ltr'><strong>Nequiequam</strong></span> <span class='ocrx_word' id='word_1_55' title='bbox 203 707 272 750; x_wconf 76' lang='lat' dir='ltr'><strong>fundo</strong></span> <span class='ocrx_word' id='word_1_56' title='bbox 280 707 372 762; x_wconf 80' lang='lat' dir='ltr'>suspiret</span> <span class='ocrx_word' id='word_1_57' title='bbox 380 720 484 748; x_wconf 86' lang='lat' dir='ltr'><strong>nummus</strong></span> <span class='ocrx_word' id='word_1_58' title='bbox 493 707 516 748; x_wconf 87' lang='lat' dir='ltr'><strong>in</strong></span> <span class='ocrx_word' id='word_1_59' title='bbox 525 706 577 748; x_wconf 86' lang='lat' dir='ltr'><strong>imo.</strong></span> 
     </span>
    </p>

    <p class='ocr_par' dir='ltr' id='par_1_4' title="bbox 69 777 552 834">
     <span class='ocr_line' id='line_1_10' title="bbox 69 777 552 834; baseline -0.004 -12"><span class='ocrx_word' id='word_1_60' title='bbox 69 781 91 822; x_wconf 87' lang='lat' dir='ltr'><strong>si</strong></span> <span class='ocrx_word' id='word_1_61' title='bbox 102 780 143 822; x_wconf 88' lang='lat' dir='ltr'><strong>tibi</strong></span> <span class='ocrx_word' id='word_1_62' title='bbox 151 789 243 822; x_wconf 78' lang='lat' dir='ltr'><strong>crateras</strong></span> <span class='ocrx_word' id='word_1_63' title='bbox 251 778 344 834; x_wconf 75' lang='lat' dir='ltr'><strong>argenti,</strong></span> <span class='ocrx_word' id='word_1_64' title='bbox 353 779 469 832; x_wconf 82' lang='lat' dir='ltr'><strong>incusaque</strong></span> <span class='ocrx_word' id='word_1_65' title='bbox 478 777 552 833; x_wconf 74' lang='lat' dir='ltr'><strong>pingui</strong></span> 
     </span>
    </p>
   </div>
   <div class='ocr_carea' id='block_1_4' title="bbox 10 849 529 1049">
    <p class='ocr_par' dir='ltr' id='par_1_5' title="bbox 10 849 529 1049">
     <span class='ocr_line' id='line_1_11' title="bbox 10 849 526 923; baseline -0.014 -26"><span class='ocrx_word' id='word_1_66' title='bbox 10 900 11 923; x_wconf 16' lang='grc' dir='ltr'><strong>ξ</strong></span> <span class='ocrx_word' id='word_1_67' title='bbox 43 858 102 897; x_wconf 76' lang='lat' dir='ltr'><strong>Auro</strong></span> <span class='ocrx_word' id='word_1_68' title='bbox 112 854 170 895; x_wconf 85' lang='lat' dir='ltr'><strong>dona</strong></span> <span class='ocrx_word' id='word_1_69' title='bbox 179 851 259 902; x_wconf 76' lang='lat' dir='ltr'><strong>feram,</strong></span> <span class='ocrx_word' id='word_1_70' title='bbox 268 852 342 901; x_wconf 80' lang='lat' dir='ltr'><strong>sudes,</strong></span> <span class='ocrx_word' id='word_1_71' title='bbox 351 860 373 893; x_wconf 92' lang='lat' dir='ltr'><strong>et</strong></span> <span class='ocrx_word' id='word_1_72' title='bbox 381 859 466 906; x_wconf 77' lang='lat' dir='ltr'>pectore</span> <span class='ocrx_word' id='word_1_73' title='bbox 475 849 526 891; x_wconf 76' lang='lat' dir='ltr'><strong>laevo</strong></span> 
     </span>
     <span class='ocr_line' id='line_1_12' title="bbox 10 921 529 980; baseline -0.017 -11"><span class='ocrx_word' id='word_1_74' title='bbox 10 928 11 943; x_wconf 67' lang='lat'>¹</span> <span class='ocrx_word' id='word_1_75' title='bbox 45 925 145 969; x_wconf 85' lang='lat' dir='ltr'><strong>Excutias</strong></span> <span class='ocrx_word' id='word_1_76' title='bbox 154 933 235 980; x_wconf 52' lang='grc' dir='ltr'><strong>μείω</strong></span> <span class='ocrx_word' id='word_1_77' title='bbox 244 922 310 965; x_wconf 71' lang='lat' dir='ltr'><strong>tauri</strong></span> <span class='ocrx_word' id='word_1_78' title='bbox 319 921 469 978; x_wconf 63' lang='lat' dir='ltr'><strong>praetrepidum</strong></span> <span class='ocrx_word' id='word_1_79' title='bbox 479 934 529 962; x_wconf 84' lang='lat' dir='ltr'><strong>cor:</strong></span> 
     </span>
     <span class='ocr_line' id='line_1_13' title="bbox 10 995 523 1049; baseline -0.018 -6"><span class='ocrx_word' id='word_1_80' title='bbox 10 1038 11 1043; x_wconf 73' lang='grc'>,</span> <span class='ocrx_word' id='word_1_81' title='bbox 43 1001 96 1044; x_wconf 81' lang='lat' dir='ltr'><strong>ffiuc</strong></span> <span class='ocrx_word' id='word_1_82' title='bbox 103 997 159 1046; x_wconf 79' lang='lat' dir='ltr'><strong>illud</strong></span> <span class='ocrx_word' id='word_1_83' title='bbox 167 997 243 1047; x_wconf 87' lang='lat' dir='ltr'><strong>subiit,</strong></span> <span class='ocrx_word' id='word_1_84' title='bbox 253 1009 306 1038; x_wconf 85' lang='lat' dir='ltr'><strong>auro</strong></span> <span class='ocrx_word' id='word_1_85' title='bbox 314 1009 384 1038; x_wconf 79' lang='lat' dir='ltr'><strong>saetas</strong></span> <span class='ocrx_word' id='word_1_86' title='bbox 392 995 450 1049; x_wconf 88' lang='lat' dir='ltr'><strong>quod</strong></span> <span class='ocrx_word' id='word_1_87' title='bbox 460 1002 523 1036; x_wconf 78' lang='lat' dir='ltr'><strong>ovato</strong></span> 
     </span>
    </p>
   </div>
   <div class='ocr_carea' id='block_1_5' title="bbox 43 1068 629 1419">
    <p class='ocr_par' dir='ltr' id='par_1_6' title="bbox 43 1068 510 1115">
     <span class='ocr_line' id='line_1_14' title="bbox 43 1068 510 1115; baseline -0.015 0"><span class='ocrx_word' id='word_1_88' title='bbox 43 1072 144 1115; x_wconf 81' lang='lat' dir='ltr'><strong>Perducis</strong></span> <span class='ocrx_word' id='word_1_89' title='bbox 153 1071 223 1114; x_wconf 79' lang='lat' dir='ltr'><strong>facies.</strong></span> <span class='ocrx_word' id='word_1_90' title='bbox 233 1074 289 1114; x_wconf 84' lang='lat' dir='ltr'><strong>Nam</strong></span> <span class='ocrx_word' id='word_1_91' title='bbox 299 1071 374 1112; x_wconf 78' lang='lat' dir='ltr'><strong>fratres</strong></span> <span class='ocrx_word' id='word_1_92' title='bbox 382 1069 439 1110; x_wconf 84' lang='lat' dir='ltr'><strong>iuter</strong></span> <span class='ocrx_word' id='word_1_93' title='bbox 446 1068 510 1110; x_wconf 81' lang='lat' dir='ltr'><strong>a&#39;e&#39;uos</strong></span> 
     </span>
    </p>

    <p class='ocr_par' dir='ltr' id='par_1_7' title="bbox 45 1141 532 1200">
     <span class='ocr_line' id='line_1_15' title="bbox 45 1141 532 1200; baseline -0.014 -12"><span class='ocrx_word' id='word_1_94' title='bbox 45 1145 134 1188; x_wconf 86' lang='lat' dir='ltr'><strong>Somnia</strong></span> <span class='ocrx_word' id='word_1_95' title='bbox 143 1144 220 1200; x_wconf 80' lang='lat' dir='ltr'><strong>pituita</strong></span> <span class='ocrx_word' id='word_1_96' title='bbox 227 1145 265 1198; x_wconf 87' lang='lat' dir='ltr'><strong>qui</strong></span> <span class='ocrx_word' id='word_1_97' title='bbox 275 1142 423 1200; x_wconf 77' lang='lat' dir='ltr'><strong>purgatissima</strong></span> <span class='ocrx_word' id='word_1_98' title='bbox 432 1141 532 1192; x_wconf 84' lang='lat' dir='ltr'><strong>mittunt,</strong></span> 
     </span>
    </p>

    <p class='ocr_par' dir='ltr' id='par_1_8' title="bbox 49 1215 629 1341">
     <span class='ocr_line' id='line_1_16' title="bbox 49 1215 523 1274; baseline -0.017 -12"><span class='ocrx_word' id='word_1_99' title='bbox 49 1219 152 1274; x_wconf 76' lang='lat' dir='ltr'><strong>traecipui</strong></span> <span class='ocrx_word' id='word_1_100' title='bbox 161 1227 237 1268; x_wconf 82' lang='lat' dir='ltr'><strong>sunto,</strong></span> <span class='ocrx_word' id='word_1_101' title='bbox 246 1217 314 1272; x_wconf 86' lang='lat' dir='ltr'><strong>sitque</strong></span> <span class='ocrx_word' id='word_1_102' title='bbox 325 1215 366 1257; x_wconf 84' lang='lat' dir='ltr'><strong>iilis</strong></span> <span class='ocrx_word' id='word_1_103' title='bbox 375 1228 440 1257; x_wconf 84' lang='lat' dir='ltr'><strong>aurea</strong></span> <span class='ocrx_word' id='word_1_104' title='bbox 450 1215 523 1256; x_wconf 84' lang='lat' dir='ltr'><strong>barba.</strong></span> 
     </span>
     <span class='ocr_line' id='line_1_17' title="bbox 72 1284 629 1341; baseline -0.018 -7"><span class='ocrx_word' id='word_1_105' title='bbox 72 1295 168 1341; x_wconf 71' lang='lat' dir='ltr'><strong>Aurum,</strong></span> <span class='ocrx_word' id='word_1_106' title='bbox 178 1303 226 1331; x_wconf 82' lang='lat' dir='ltr'><strong>vasa</strong></span> <span class='ocrx_word' id='word_1_107' title='bbox 236 1291 323 1338; x_wconf 68' lang='lat' dir='ltr'><strong>Numa,</strong></span> <span class='ocrx_word' id='word_1_108' title='bbox 333 1287 473 1341; x_wconf 80' lang='lat' dir='ltr'><strong>Saturniaque</strong></span> <span class='ocrx_word' id='word_1_109' title='bbox 482 1284 568 1341; x_wconf 82' lang='lat' dir='ltr'><strong>impulit</strong></span> <span class='ocrx_word' id='word_1_110' title='bbox 577 1297 629 1334; x_wconf 73' lang='lat' dir='ltr'><strong>tert,</strong></span> 
     </span>
    </p>

    <p class='ocr_par' dir='ltr' id='par_1_9' title="bbox 46 1359 561 1419">
     <span class='ocr_line' id='line_1_18' title="bbox 46 1359 561 1419; baseline -0.017 -11"><span class='ocrx_word' id='word_1_111' title='bbox 46 1365 182 1419; x_wconf 71' lang='lat' dir='ltr'><strong>Vestalesque</strong></span> <span class='ocrx_word' id='word_1_112' title='bbox 192 1377 265 1412; x_wconf 82' lang='lat' dir='ltr'><strong>umus,</strong></span> <span class='ocrx_word' id='word_1_113' title='bbox 277 1371 298 1403; x_wconf 87' lang='lat' dir='ltr'><strong>et</strong></span> <span class='ocrx_word' id='word_1_114' title='bbox 306 1363 400 1404; x_wconf 77' lang='lat' dir='ltr'><strong>Tuscum</strong></span> <span class='ocrx_word' id='word_1_115' title='bbox 411 1359 475 1401; x_wconf 84' lang='lat' dir='ltr'><strong>fictile</strong></span> <span class='ocrx_word' id='word_1_116' title='bbox 484 1367 561 1401; x_wconf 86' lang='lat' dir='ltr'><strong>mutat.</strong></span> 
     </span>
    </p>
   </div>
   <div class='ocr_carea' id='block_1_6' title="bbox 10 1431 590 1484">
    <p class='ocr_par' dir='ltr' id='par_1_10' title="bbox 10 1431 590 1484">
     <span class='ocr_line' id='line_1_19' title="bbox 10 1431 590 1484; baseline -0.021 -2"><span class='ocrx_word' id='word_1_117' title='bbox 10 1442 12 1449; x_wconf 83' lang='grc'><em>’</em></span> <span class='ocrx_word' id='word_1_118' title='bbox 46 1441 62 1481; x_wconf 93' lang='lat'>0</span> <span class='ocrx_word' id='word_1_119' title='bbox 72 1451 142 1480; x_wconf 71' lang='lat' dir='ltr'><strong>curva</strong></span> <span class='ocrx_word' id='word_1_120' title='bbox 152 1436 174 1478; x_wconf 90' lang='lat' dir='ltr'><strong>iu</strong></span> <span class='ocrx_word' id='word_1_121' title='bbox 184 1434 244 1478; x_wconf 80' lang='lat' dir='ltr'><strong>terris</strong></span> <span class='ocrx_word' id='word_1_122' title='bbox 253 1433 340 1484; x_wconf 75' lang='lat' dir='ltr'><strong>anime,</strong></span> <span class='ocrx_word' id='word_1_123' title='bbox 350 1441 372 1474; x_wconf 90' lang='lat' dir='ltr'><strong>et</strong></span> <span class='ocrx_word' id='word_1_124' title='bbox 381 1432 497 1474; x_wconf 84' lang='lat' dir='ltr'><strong>coelcstium</strong></span> <span class='ocrx_word' id='word_1_125' title='bbox 507 1431 590 1472; x_wconf 84' lang='lat' dir='ltr'><strong>inanes!</strong></span> 
     </span>
    </p>
   </div>
   <div class='ocr_carea' id='block_1_7' title="bbox 10 2142 15 2191">
    <p class='ocr_par' dir='ltr' id='par_1_11' title="bbox 10 2142 15 2191">
     <span class='ocr_line' id='line_1_20' title="bbox 10 2142 15 2191; baseline 0 0"><span class='ocrx_word' id='word_1_126' title='bbox 10 2142 15 2191; x_wconf 73' lang='lat' dir='ltr'><strong>i</strong></span> 
     </span>
    </p>
   </div>
   <div class='ocr_carea' id='block_1_8' title="bbox 47 1504 639 2150">
    <p class='ocr_par' dir='ltr' id='par_1_12' title="bbox 47 1504 636 1630">
     <span class='ocr_line' id='line_1_21' title="bbox 47 1504 636 1567; baseline -0.015 -15"><span class='ocrx_word' id='word_1_127' title='bbox 47 1512 103 1567; x_wconf 76' lang='lat' dir='ltr'><strong>Quid</strong></span> <span class='ocrx_word' id='word_1_128' title='bbox 109 1510 173 1565; x_wconf 83' lang='lat' dir='ltr'><strong>juvat</strong></span> <span class='ocrx_word' id='word_1_129' title='bbox 180 1509 234 1558; x_wconf 85' lang='lat' dir='ltr'><strong>hoc,</strong></span> <span class='ocrx_word' id='word_1_130' title='bbox 244 1507 329 1562; x_wconf 84' lang='lat' dir='ltr'><strong>templis</strong></span> <span class='ocrx_word' id='word_1_131' title='bbox 338 1515 421 1548; x_wconf 84' lang='lat' dir='ltr'><strong>nostros</strong></span> <span class='ocrx_word' id='word_1_132' title='bbox 430 1504 545 1546; x_wconf 85' lang='lat' dir='ltr'><strong>immittere</strong></span> <span class='ocrx_word' id='word_1_133' title='bbox 555 1515 636 1554; x_wconf 86' lang='lat' dir='ltr'><strong>mores,</strong></span> 
     </span>
     <span class='ocr_line' id='line_1_22' title="bbox 47 1576 553 1630; baseline -0.02 -5"><span class='ocrx_word' id='word_1_134' title='bbox 47 1587 72 1626; x_wconf 85' lang='lat' dir='ltr'><strong>Et</strong></span> <span class='ocrx_word' id='word_1_135' title='bbox 81 1584 139 1624; x_wconf 82' lang='lat' dir='ltr'><strong>hona</strong></span> <span class='ocrx_word' id='word_1_136' title='bbox 147 1581 189 1622; x_wconf 79' lang='lat' dir='ltr'><strong>uiis</strong></span> <span class='ocrx_word' id='word_1_137' title='bbox 198 1595 223 1622; x_wconf 86' lang='lat' dir='ltr'><strong>ex</strong></span> <span class='ocrx_word' id='word_1_138' title='bbox 231 1580 271 1621; x_wconf 86' lang='lat' dir='ltr'><strong>hac</strong></span> <span class='ocrx_word' id='word_1_139' title='bbox 280 1578 382 1621; x_wconf 84' lang='lat' dir='ltr'><strong>scelerata</strong></span> <span class='ocrx_word' id='word_1_140' title='bbox 390 1579 468 1619; x_wconf 84' lang='lat' dir='ltr'><strong>ducere</strong></span> <span class='ocrx_word' id='word_1_141' title='bbox 476 1576 553 1630; x_wconf 74' lang='lat' dir='ltr'><strong>pulpa?</strong></span> 
     </span>
    </p>

    <p class='ocr_par' dir='ltr' id='par_1_13' title="bbox 47 1647 521 1708">
     <span class='ocr_line' id='line_1_23' title="bbox 47 1647 521 1708; baseline -0.019 -11"><span class='ocrx_word' id='word_1_142' title='bbox 47 1659 94 1698; x_wconf 79' lang='lat' dir='ltr'><strong>llaec</strong></span> <span class='ocrx_word' id='word_1_143' title='bbox 103 1655 144 1697; x_wconf 85' lang='lat' dir='ltr'><strong>sibi</strong></span> <span class='ocrx_word' id='word_1_144' title='bbox 153 1663 253 1708; x_wconf 77' lang='lat' dir='ltr'><strong>corrupto</strong></span> <span class='ocrx_word' id='word_1_145' title='bbox 262 1652 341 1695; x_wconf 77' lang='lat' dir='ltr'><strong>casiam</strong></span> <span class='ocrx_word' id='word_1_146' title='bbox 350 1649 445 1693; x_wconf 83' lang='lat' dir='ltr'><strong>dissolvit</strong></span> <span class='ocrx_word' id='word_1_147' title='bbox 453 1647 521 1690; x_wconf 82' lang='lat' dir='ltr'><strong>olivo:</strong></span> 
     </span>
    </p>

    <p class='ocr_par' dir='ltr' id='par_1_14' title="bbox 48 1719 519 1771">
     <span class='ocr_line' id='line_1_24' title="bbox 48 1719 519 1771; baseline -0.023 -1"><span class='ocrx_word' id='word_1_148' title='bbox 48 1730 73 1770; x_wconf 80' lang='lat' dir='ltr'><strong>Et</strong></span> <span class='ocrx_word' id='word_1_149' title='bbox 80 1727 196 1771; x_wconf 77' lang='lat' dir='ltr'><strong>Calabrum</strong></span> <span class='ocrx_word' id='word_1_150' title='bbox 205 1726 261 1768; x_wconf 81' lang='lat' dir='ltr'><strong>coxit</strong></span> <span class='ocrx_word' id='word_1_151' title='bbox 269 1723 342 1766; x_wconf 83' lang='lat' dir='ltr'><strong>vitiato</strong></span> <span class='ocrx_word' id='word_1_152' title='bbox 351 1721 432 1765; x_wconf 87' lang='lat' dir='ltr'><strong>murice</strong></span> <span class='ocrx_word' id='word_1_153' title='bbox 441 1719 519 1761; x_wconf 80' lang='lat' dir='ltr'><strong>vellus:</strong></span> 
     </span>
    </p>

    <p class='ocr_par' dir='ltr' id='par_1_15' title="bbox 49 1793 594 1924">
     <span class='ocr_line' id='line_1_25' title="bbox 49 1793 594 1845; baseline -0.026 -2"><span class='ocrx_word' id='word_1_154' title='bbox 49 1803 95 1843; x_wconf 68' lang='lat' dir='ltr'><strong>iizec</strong></span> <span class='ocrx_word' id='word_1_155' title='bbox 104 1801 192 1841; x_wconf 78' lang='lat' dir='ltr'><strong>baccam</strong></span> <span class='ocrx_word' id='word_1_156' title='bbox 202 1799 286 1839; x_wconf 76' lang='lat' dir='ltr'><strong>conche</strong></span> <span class='ocrx_word' id='word_1_157' title='bbox 293 1796 381 1845; x_wconf 53' lang='lat' dir='ltr'><strong>&#39;missu</strong></span> <span class='ocrx_word' id='word_1_158' title='bbox 390 1802 412 1834; x_wconf 87' lang='lat' dir='ltr'><strong>et</strong></span> <span class='ocrx_word' id='word_1_159' title='bbox 420 1793 522 1845; x_wconf 79' lang='lat' dir='ltr'><strong>stringere</strong></span> <span class='ocrx_word' id='word_1_160' title='bbox 531 1801 594 1831; x_wconf 83' lang='lat' dir='ltr'><strong>venas</strong></span> 
     </span>
     <span class='ocr_line' id='line_1_26' title="bbox 53 1863 528 1924; baseline -0.025 -7"><span class='ocrx_word' id='word_1_161' title='bbox 53 1872 159 1917; x_wconf 77' lang='lat' dir='ltr'><strong>Ferventis</strong></span> <span class='ocrx_word' id='word_1_162' title='bbox 167 1885 241 1914; x_wconf 70' lang='lat' dir='ltr'><strong>massae</strong></span> <span class='ocrx_word' id='word_1_163' title='bbox 251 1871 318 1913; x_wconf 82' lang='lat' dir='ltr'><strong>crudo</strong></span> <span class='ocrx_word' id='word_1_164' title='bbox 329 1871 360 1914; x_wconf 85' lang='lat' dir='ltr'><strong>de</strong></span> <span class='ocrx_word' id='word_1_165' title='bbox 366 1868 452 1924; x_wconf 85' lang='lat' dir='ltr'><strong>pulvere</strong></span> <span class='ocrx_word' id='word_1_166' title='bbox 457 1863 528 1921; x_wconf 85' lang='lat' dir='ltr'><strong>jussit.</strong></span> 
     </span>
    </p>

    <p class='ocr_par' dir='ltr' id='par_1_16' title="bbox 49 1937 639 2150">
     <span class='ocr_line' id='line_1_27' title="bbox 52 1937 627 2000; baseline -0.028 -9"><span class='ocrx_word' id='word_1_167' title='bbox 52 1952 125 1992; x_wconf 78' lang='lat' dir='ltr'><strong>Pectat</strong></span> <span class='ocrx_word' id='word_1_168' title='bbox 133 1955 154 1989; x_wconf 85' lang='lat' dir='ltr'><strong>et</strong></span> <span class='ocrx_word' id='word_1_169' title='bbox 162 1946 217 1995; x_wconf 80' lang='lat' dir='ltr'><strong>haec,</strong></span> <span class='ocrx_word' id='word_1_170' title='bbox 226 1953 299 2000; x_wconf 87' lang='lat' dir='ltr'><strong>peccat</strong></span> <span class='ocrx_word' id='word_1_171' title='bbox 308 1960 313 1983; x_wconf 90' lang='lat'>:</span> <span class='ocrx_word' id='word_1_172' title='bbox 323 1942 375 1984; x_wconf 81' lang='lat' dir='ltr'><strong>vitio</strong></span> <span class='ocrx_word' id='word_1_173' title='bbox 384 1950 457 1982; x_wconf 85' lang='lat' dir='ltr'><strong>tamen</strong></span> <span class='ocrx_word' id='word_1_174' title='bbox 466 1937 535 1979; x_wconf 86' lang='lat' dir='ltr'><strong>utitur</strong></span> <span class='ocrx_word' id='word_1_175' title='bbox 545 1952 550 1977; x_wconf 92' lang='lat'>:</span> <span class='ocrx_word' id='word_1_176' title='bbox 559 1942 582 1977; x_wconf 85' lang='lat' dir='ltr'><strong>at</strong></span> <span class='ocrx_word' id='word_1_177' title='bbox 590 1947 627 1976; x_wconf 81' lang='lat' dir='ltr'><strong>vos</strong></span> 
     </span>
     <span class='ocr_line' id='line_1_28' title="bbox 51 2011 592 2076; baseline -0.026 -13"><span class='ocrx_word' id='word_1_178' title='bbox 51 2021 127 2071; x_wconf 78' lang='lat' dir='ltr'><strong>Dicite,</strong></span> <span class='ocrx_word' id='word_1_179' title='bbox 136 2017 257 2076; x_wconf 77' lang='lat' dir='ltr'><strong>pontifices,</strong></span> <span class='ocrx_word' id='word_1_180' title='bbox 267 2017 289 2059; x_wconf 87' lang='lat' dir='ltr'><strong>iu</strong></span> <span class='ocrx_word' id='word_1_181' title='bbox 299 2025 372 2058; x_wconf 85' lang='lat' dir='ltr'><strong>sancto</strong></span> <span class='ocrx_word' id='word_1_182' title='bbox 380 2013 433 2069; x_wconf 90' lang='lat' dir='ltr'><strong>quid</strong></span> <span class='ocrx_word' id='word_1_183' title='bbox 442 2011 493 2054; x_wconf 81' lang='lat' dir='ltr'><strong>tacit</strong></span> <span class='ocrx_word' id='word_1_184' title='bbox 501 2013 592 2052; x_wconf 82' lang='lat' dir='ltr'><strong>aurumt</strong></span> 
     </span>
     <span class='ocr_line' id='line_1_29' title="bbox 49 2082 639 2150; baseline -0.025 -13"><span class='ocrx_word' id='word_1_185' title='bbox 49 2097 132 2150; x_wconf 74' lang='lat' dir='ltr'><strong>Nempe</strong></span> <span class='ocrx_word' id='word_1_186' title='bbox 140 2092 180 2134; x_wconf 82' lang='lat' dir='ltr'><strong>hoc</strong></span> <span class='ocrx_word' id='word_1_187' title='bbox 188 2124 194 2144; x_wconf 92' lang='lat'>,</span> <span class='ocrx_word' id='word_1_188' title='bbox 202 2091 261 2147; x_wconf 87' lang='lat' dir='ltr'><strong>quod</strong></span> <span class='ocrx_word' id='word_1_189' title='bbox 269 2089 346 2132; x_wconf 85' lang='lat' dir='ltr'><strong>Veneri</strong></span> <span class='ocrx_word' id='word_1_190' title='bbox 355 2088 437 2130; x_wconf 72' lang='lat' dir='ltr'><strong>donate</strong></span> <span class='ocrx_word' id='word_1_191' title='bbox 447 2082 548 2140; x_wconf 75' lang='lat' dir='ltr'><strong>uirgine</strong></span> <span class='ocrx_word' id='word_1_192' title='bbox 556 2093 639 2148; x_wconf 72' lang='lat' dir='ltr'><strong>puppe.</strong></span> 
     </span>
    </p>
   </div>
  </div>
 </body>
</html>
