1584 2642
128 218 156 261 to
305 219 328 258 D.
346 219 363 257 J.
381 217 572 260 Juvrutlrs
673 235 694 263 v.
710 226 763 265 125.

98 359 99 363 Ἰ
125 308 193 348 Omen
202 306 278 353 hahes,
288 305 368 359 inquit,
379 306 452 360 magni
461 306 554 363 clarique
563 308 674 365 triumplri.

123 382 199 435 Regem
210 380 302 434 aliquem
312 379 391 435 capies,
402 391 440 423 aut
448 382 474 423 de
485 391 569 424 temone
579 384 680 427 Britanno

121 454 206 495 Excidet
215 452 326 508 Aruiragus
335 467 339 491 :
349 453 459 509 peregriua
468 466 500 497 est
509 456 589 498 bellur!
599 457 672 501 uentis

120 527 204 567 Erectus
213 524 235 565 in
244 533 302 579 terga
311 526 385 566 sudesl
396 528 438 567 lloc
447 526 516 569 defuit
525 542 595 569 uuum
611 508 615 525 ’

120 596 227 647 Fabricio,
237 597 329 652 patriam
339 608 364 640 ut
372 597 459 640 rhombi
469 610 599 643 memoraret
607 611 628 643 et
636 616 716 645 annon.

117 746 222 802 Quinum
232 746 298 802 igitur
306 752 388 789 censes!
398 747 529 790 conciditur?
539 749 615 790 «lusit
623 749 650 789 ab
661 748 700 791 illo

115 821 208 863 Dedecus
217 821 269 871 lroc,
280 823 394 864 Montanus
404 822 446 864 ait:
457 832 509 864 testu
518 822 561 864 elta
569 831 663 877 paretur,

113 894 165 949 Quae
175 894 233 935 tenui
243 908 307 935 muro
315 894 433 950 spatiosum
443 892 528 950 colligat
537 895 618 935 orbem.

113 969 205 1009 Debetur
215 981 305 1022 magnus
315 968 391 1023 patinae
400 969 526 1023 subitusque
535 968 680 1010 Prometheus.

111 1038 211 1093 Argillum
222 1048 286 1092 utque
296 1048 365 1079 rotam
374 1039 437 1079 citius
447 1050 571 1094 properate:
581 1041 617 1082 sed
627 1054 652 1081 ex
661 1040 704 1083 hoc

111 1110 280 1165 Tempmejam,
290 1112 364 1162 Cesar,
374 1111 434 1165 figuli
445 1121 481 1152 tua
490 1121 558 1152 castra
567 1124 693 1168 sequantur.
701 1132 714 1154 o

139 1183 195 1225 Vicit
204 1183 268 1236 digna
277 1181 322 1222 viro
331 1181 442 1222 sententia.
452 1182 545 1222 Noverat
553 1181 588 1222 ille

109 1255 225 1299 Luxuriam
234 1254 318 1309 imperii
328 1265 432 1303 veterem,
442 1263 556 1309 noctesque
565 1256 657 1299 Neronis

107 1331 155 1370 er
166 1327 256 1376 medias,
266 1326 374 1381 aliumque
384 1324 476 1375 famem,
485 1340 553 1381 quum
563 1329 640 1383 pulmo
648 1330 749 1375 Falerno

108 1400 201 1441 Arderet.
211 1397 270 1440 Nulli
280 1396 351 1452 major
359 1395 401 1438 fuit
411 1411 461 1439 usus
470 1385 546 1440 edendi

105 1473 239 1526 Tempestate
248 1484 302 1511 mea.
312 1470 388 1511 Circeis
397 1480 449 1513 nata
458 1470 539 1523 forent,
548 1487 577 1515 an

105 1543 220 1588 Lucrinum
232 1544 259 1585 ad
268 1557 354 1593 saxum,
363 1545 498 1599 Rutupinove
507 1546 564 1588 edita
573 1545 642 1588 fundo

106 1620 189 1665 Ostrea,
199 1615 288 1657 callebat
298 1616 369 1671 primo
378 1618 507 1671 deprendere
517 1632 602 1669 morsu5

104 1692 129 1733 Et
138 1688 203 1731 semel
213 1688 291 1743 aspecti
300 1688 351 1731 litus
360 1689 444 1732 dicebat
453 1689 529 1731 echini.

102 1840 224 1887 Surcrrur,
233 1846 254 1879 et
264 1838 329 1880 misso
338 1850 436 1893 proceres
445 1836 500 1878 exire
506 1836 612 1891 jubentur

100 1911 205 1961 Concilio;
215 1923 269 1965 quos
278 1909 382 1951 Albanam
392 1910 435 1950 dux
445 1922 534 1963 magnus
543 1909 566 1951 in
576 1924 647 1952 urcem

100 1984 200 2025 Traxerut
209 1982 326 2033 adtonitos,
336 1990 357 2024 et
367 1980 467 2023 festinare
475 1990 569 2031 coactos,

100 2058 212 2111 Tanquam
221 2056 247 2097 de
255 2055 320 2097 Cattis
329 2054 421 2109 aliquid,
432 2054 537 2109 torvisque
545 2054 658 2096 Sicambris

99 2128 208 2177 Dicturus;
220 2136 323 2183 tauquam
332 2126 418 2168 diversis
427 2127 523 2182 partibus
532 2126 589 2167 orbis

98 2199 165 2241 Auria
174 2199 274 2254 precipiti
284 2199 372 2243 venisset
381 2200 470 2255 epistola
479 2199 550 2255 pinno⁸
