1584 2642
137 259 174 301 13²
313 257 581 301 D.J.1UVENlLlS

133 420 761 444 MWMMWWWWVVWWMWUWU

314 551 464 604 SATlllA
482 556 568 606 ΧΙΙΙ,

341 713 545 756 DEPOSITUM.

130 855 230 899 Eume
239 858 392 913 quodcumque
402 856 459 899 malo
469 856 619 908 committitur.
629 859 670 914 ipsi

129 928 229 984 Displicet
236 930 325 972 auctori.
335 930 405 972 Prima
414 939 445 972 est
454 929 499 971 haec
509 927 574 981 ultio,
584 931 643 984 quod
653 944 677 971 se

129 1002 203 1043 Judice
212 1016 277 1045 nemo
286 1017 364 1046 nocens
374 1003 497 1052 absolvitur,
506 1003 606 1059 improba
615 1006 718 1060 quumvis

130 1073 202 1116 Gratia
211 1072 280 1116 iulluci
289 1075 385 1130 praetoris
394 1076 468 1117 vicerit
477 1089 538 1117 urna.

131 1146 187 1204 Quid
196 1146 273 1187 sentire
282 1157 345 1201 putas
354 1161 439 1197 omnes,
449 1147 545 1198 Galum,
555 1148 635 1190 recenti

129 1219 159 1259 ne
168 1216 244 1258 scelere
253 1226 274 1259 et
283 1216 333 1258 fidei
343 1217 424 1259 violatae
434 1218 534 1260 crimine?
544 1219 584 1261 Sed
594 1233 633 1261 nec

131 1292 184 1334 Tam
195 1290 265 1333 tenuis
274 1304 350 1332 census
360 1291 398 1333 tibi
408 1293 507 1348 contigit,
517 1303 542 1336 ut
552 1293 665 1336 mediocris

130 1365 220 1406 luctum
230 1371 250 1404 te
259 1371 342 1417 mergat
350 1376 416 1414 onus;
425 1377 522 1426 nectara
532 1365 629 1409 videmus

131 1439 183 1494 Qum
191 1435 281 1492 puteris:
291 1449 353 1478 casus
362 1436 436 1480 multis
446 1438 480 1480 hic
489 1439 598 1495 cognitus,
607 1453 631 1482 ac
638 1438 688 1496 jam

131 1509 214 1559 tritus,
224 1517 245 1550 et
253 1522 265 1550 e
274 1508 346 1550 medio
355 1507 447 1552 fortune
457 1510 535 1552 ductus
544 1524 625 1553 acervo.

132 1586 239 1626 Ponamus
248 1581 327 1624 nimios
336 1581 428 1638 gemitus
437 1596 440 1621 :
451 1582 575 1638 flagrantior
583 1597 645 1638 aequo
683 1602 688 1612 ·

134 1658 184 1697 Non
192 1655 256 1697 dehet
264 1653 326 1696 dolor
334 1669 378 1697 esse
387 1654 437 1706 viri,
447 1668 486 1696 uec
495 1655 582 1697 vulnere
592 1655 668 1711 maior.

133 1729 177 1779 Tu,
186 1727 285 1782 quamvis
294 1726 384 1778 levium,
394 1727 509 1768 minimam
519 1726 660 1782 exiguamque
670 1727 782 1772 malorum

132 1800 259 1845 Peniculum
269 1801 303 1844 vix
313 1801 367 1844 ferre
376 1810 447 1856 potes,
457 1800 609 1856 spumantibus
619 1801 696 1843 ardens

133 1873 266 1925 Visceribus,
275 1887 360 1916 sacrum
370 1873 409 1915 tibi
419 1872 477 1928 quod
485 1885 530 1914 non
540 1873 615 1915 reddat
622 1861 706 1916 amicus

132 1947 267 2001 Depositum!
276 1947 351 2001 Stupet
359 1946 415 1995 haec,
425 1943 462 1999 qui
469 1942 516 1999 jam
526 1954 574 2000 post
583 1953 641 2000 terga
649 1943 736 2001 reliquit

133 2009 244 2074 Sexaginta
253 2031 332 2067 annos,
342 2016 430 2059 Fonteio
439 2015 526 2058 consule
536 2021 612 2059 natust

134 2094 166 2134 ln
175 2091 228 2133 nibil
237 2092 260 2133 iu
270 2090 346 2134 melius
355 2099 387 2132 tot
396 2103 468 2131 rerum
478 2089 564 2144 proficis
573 2095 626 2132 usu!

133 2165 211 2219 Magna
219 2163 318 2218 quidem,
328 2161 391 2203 suetis
401 2174 448 2215 quae
456 2161 493 2203 dat
502 2171 606 2217 precepta
614 2160 700 2216 libeliis,

134 2234 215 2280 Victrix
223 2232 314 2277 fortune
323 2231 434 2289 sapientie.
443 2230 537 2276 Dicimus
545 2242 619 2276 eutem
