<?xml version="1.0" encoding="UTF-8"?>
<!DOCTYPE html PUBLIC "-//W3C//DTD XHTML 1.0 Transitional//EN"
    "http://www.w3.org/TR/xhtml1/DTD/xhtml1-transitional.dtd">
<html xmlns="http://www.w3.org/1999/xhtml" xml:lang="en" lang="en">
 <head>
  <title>
</title>
<meta http-equiv="Content-Type" content="text/html;charset=utf-8" />
  <meta name='ocr-system' content='tesseract 3.04.00' />
  <meta name='ocr-capabilities' content='ocr_page ocr_carea ocr_par ocr_line ocrx_word'/>
</head>
<body>
  <div class='ocr_page' id='page_1' title='image "./djuniijuvenalis00rupegoog_0036.png"; bbox 0 0 1584 2642; ppageno 0'>
   <div class='ocr_carea' id='block_1_1' title="bbox 120 218 751 273">
    <p class='ocr_par' dir='ltr' id='par_1_1' title="bbox 120 218 751 273">
     <span class='ocr_line' id='line_1_1' title="bbox 120 218 751 273; baseline -0.005 -11"><span class='ocrx_word' id='word_1_1' title='bbox 120 227 148 269; x_wconf 60' lang='grc' dir='ltr'>,ε</span> <span class='ocrx_word' id='word_1_2' title='bbox 299 218 566 261; x_wconf 78' lang='lat' dir='ltr'>n.1.ruvauttrs</span> <span class='ocrx_word' id='word_1_3' title='bbox 664 232 685 259; x_wconf 75' lang='lat' dir='ltr'>v.</span> <span class='ocrx_word' id='word_1_4' title='bbox 703 222 751 273; x_wconf 67' lang='grc' dir='ltr'>ψ.</span> 
     </span>
    </p>
   </div>
   <div class='ocr_carea' id='block_1_2' title="bbox 119 307 732 731">
    <p class='ocr_par' dir='ltr' id='par_1_2' title="bbox 119 307 732 731">
     <span class='ocr_line' id='line_1_2' title="bbox 120 307 678 371; baseline -0.016 -13"><span class='ocrx_word' id='word_1_5' title='bbox 120 314 227 371; x_wconf 70' lang='lat' dir='ltr'>Questio:</span> <span class='ocrx_word' id='word_1_6' title='bbox 237 312 293 367; x_wconf 81' lang='lat' dir='ltr'>Quot</span> <span class='ocrx_word' id='word_1_7' title='bbox 302 308 369 363; x_wconf 81' lang='lat' dir='ltr'>pascit</span> <span class='ocrx_word' id='word_1_8' title='bbox 377 314 460 350; x_wconf 78' lang='lat' dir='ltr'>servos?</span> <span class='ocrx_word' id='word_1_9' title='bbox 468 318 522 363; x_wconf 85' lang='lat' dir='ltr'>quot</span> <span class='ocrx_word' id='word_1_10' title='bbox 531 307 623 363; x_wconf 75' lang='lat' dir='ltr'>possidet</span> <span class='ocrx_word' id='word_1_11' title='bbox 632 307 678 363; x_wconf 69' lang='lat' dir='ltr'>agri</span> 
     </span>
     <span class='ocr_line' id='line_1_3' title="bbox 119 380 710 441; baseline -0.008 -12"><span class='ocrx_word' id='word_1_12' title='bbox 119 388 208 441; x_wconf 71' lang='lat' dir='ltr'>ingerat</span> <span class='ocrx_word' id='word_1_13' title='bbox 219 395 285 437; x_wconf 82' lang='lat' dir='ltr'>quam</span> <span class='ocrx_word' id='word_1_14' title='bbox 294 380 363 422; x_wconf 92' lang='lat' dir='ltr'>multa</span> <span class='ocrx_word' id='word_1_15' title='bbox 373 394 493 436; x_wconf 72' lang='lat' dir='ltr'>magnaque</span> <span class='ocrx_word' id='word_1_16' title='bbox 502 382 615 437; x_wconf 83' lang='lat' dir='ltr'>paropside</span> <span class='ocrx_word' id='word_1_17' title='bbox 623 388 710 425; x_wconf 72' lang='lat' dir='ltr'>eoenatt</span> 
     </span>
     <span class='ocr_line' id='line_1_4' title="bbox 120 450 712 515; baseline -0.003 -17"><span class='ocrx_word' id='word_1_18' title='bbox 120 460 229 515; x_wconf 84' lang='lat' dir='ltr'>Quantum</span> <span class='ocrx_word' id='word_1_19' title='bbox 238 453 327 507; x_wconf 90' lang='lat' dir='ltr'>quisque</span> <span class='ocrx_word' id='word_1_20' title='bbox 337 466 376 494; x_wconf 90' lang='lat' dir='ltr'>sua</span> <span class='ocrx_word' id='word_1_21' title='bbox 386 450 529 496; x_wconf 71' lang='lat' dir='ltr'>nummorum</span> <span class='ocrx_word' id='word_1_22' title='bbox 539 463 607 496; x_wconf 81' lang='lat' dir='ltr'>serrat</span> <span class='ocrx_word' id='word_1_23' title='bbox 616 453 638 496; x_wconf 87' lang='lat' dir='ltr'>in</span> <span class='ocrx_word' id='word_1_24' title='bbox 648 467 712 506; x_wconf 85' lang='lat' dir='ltr'>arca,</span> 
     </span>
     <span class='ocr_line' id='line_1_5' title="bbox 119 526 732 579; baseline -0.002 -9"><span class='ocrx_word' id='word_1_25' title='bbox 119 531 213 571; x_wconf 84' lang='lat' dir='ltr'>Tantum</span> <span class='ocrx_word' id='word_1_26' title='bbox 222 526 286 569; x_wconf 88' lang='lat' dir='ltr'>habet</span> <span class='ocrx_word' id='word_1_27' title='bbox 296 536 317 569; x_wconf 90' lang='lat' dir='ltr'>et</span> <span class='ocrx_word' id='word_1_28' title='bbox 326 526 382 569; x_wconf 88' lang='lat' dir='ltr'>fidei.</span> <span class='ocrx_word' id='word_1_29' title='bbox 391 529 453 570; x_wconf 85' lang='lat' dir='ltr'>Jures</span> <span class='ocrx_word' id='word_1_30' title='bbox 462 528 511 571; x_wconf 84' lang='lat' dir='ltr'>lieet</span> <span class='ocrx_word' id='word_1_31' title='bbox 519 538 541 571; x_wconf 92' lang='lat' dir='ltr'>et</span> <span class='ocrx_word' id='word_1_32' title='bbox 549 528 732 579; x_wconf 78' lang='lat' dir='ltr'>Samotbracum,</span> 
     </span>
     <span class='ocr_line' id='line_1_6' title="bbox 119 600 686 657; baseline 0 -14"><span class='ocrx_word' id='word_1_33' title='bbox 119 603 145 644; x_wconf 88' lang='lat' dir='ltr'>Et</span> <span class='ocrx_word' id='word_1_34' title='bbox 154 610 278 643; x_wconf 89' lang='lat' dir='ltr'>nostrorum</span> <span class='ocrx_word' id='word_1_35' title='bbox 288 614 346 651; x_wconf 83' lang='lat' dir='ltr'>aras,</span> <span class='ocrx_word' id='word_1_36' title='bbox 355 611 492 643; x_wconf 75' lang='lat' dir='ltr'>contemnere</span> <span class='ocrx_word' id='word_1_37' title='bbox 501 600 594 645; x_wconf 75' lang='lat' dir='ltr'>fulmina</span> <span class='ocrx_word' id='word_1_38' title='bbox 603 615 686 657; x_wconf 82' lang='lat' dir='ltr'>pauper</span> 
     </span>
     <span class='ocr_line' id='line_1_7' title="bbox 119 676 644 731; baseline 0 -14"><span class='ocrx_word' id='word_1_39' title='bbox 119 676 223 727; x_wconf 83' lang='lat' dir='ltr'>Creditur,</span> <span class='ocrx_word' id='word_1_40' title='bbox 232 685 295 731; x_wconf 84' lang='lat' dir='ltr'>atque</span> <span class='ocrx_word' id='word_1_41' title='bbox 304 677 368 727; x_wconf 83' lang='lat' dir='ltr'>Deos,</span> <span class='ocrx_word' id='word_1_42' title='bbox 377 676 412 718; x_wconf 84' lang='lat' dir='ltr'>llis</span> <span class='ocrx_word' id='word_1_43' title='bbox 421 676 579 731; x_wconf 72' lang='lat' dir='ltr'>ignoscentibus</span> <span class='ocrx_word' id='word_1_44' title='bbox 586 676 644 731; x_wconf 74' lang='lat' dir='ltr'>ipsis</span> 
     </span>
    </p>
   </div>
   <div class='ocr_carea' id='block_1_3' title="bbox 119 822 727 2332">
    <p class='ocr_par' dir='ltr' id='par_1_3' title="bbox 119 822 702 950">
     <span class='ocr_line' id='line_1_8' title="bbox 119 822 702 881; baseline 0.002 -17"><span class='ocrx_word' id='word_1_45' title='bbox 119 824 187 881; x_wconf 80' lang='lat' dir='ltr'>Quin,</span> <span class='ocrx_word' id='word_1_46' title='bbox 196 824 255 877; x_wconf 89' lang='lat' dir='ltr'>quod</span> <span class='ocrx_word' id='word_1_47' title='bbox 264 823 378 867; x_wconf 82' lang='lat' dir='ltr'>materiam</span> <span class='ocrx_word' id='word_1_48' title='bbox 387 823 468 879; x_wconf 73' lang='lat' dir='ltr'>prebet</span> <span class='ocrx_word' id='word_1_49' title='bbox 476 837 592 878; x_wconf 76' lang='lat' dir='ltr'>eaumsque</span> <span class='ocrx_word' id='word_1_50' title='bbox 597 822 702 879; x_wconf 82' lang='lat' dir='ltr'>jocorum</span> 
     </span>
     <span class='ocr_line' id='line_1_9' title="bbox 120 896 644 950; baseline -0.002 -10"><span class='ocrx_word' id='word_1_51' title='bbox 120 896 225 940; x_wconf 87' lang='lat' dir='ltr'>Omnibus</span> <span class='ocrx_word' id='word_1_52' title='bbox 234 898 268 940; x_wconf 82' lang='lat' dir='ltr'>laio</span> <span class='ocrx_word' id='word_1_53' title='bbox 278 899 346 950; x_wconf 88' lang='lat' dir='ltr'>idem,</span> <span class='ocrx_word' id='word_1_54' title='bbox 356 898 374 941; x_wconf 84' lang='lat' dir='ltr'>si</span> <span class='ocrx_word' id='word_1_55' title='bbox 382 897 438 941; x_wconf 76' lang='lat' dir='ltr'>freda</span> <span class='ocrx_word' id='word_1_56' title='bbox 447 909 469 941; x_wconf 88' lang='lat' dir='ltr'>et</span> <span class='ocrx_word' id='word_1_57' title='bbox 476 898 541 940; x_wconf 85' lang='lat' dir='ltr'>scissa</span> <span class='ocrx_word' id='word_1_58' title='bbox 549 898 644 948; x_wconf 85' lang='lat' dir='ltr'>lacerna,</span> 
     </span>
    </p>

    <p class='ocr_par' dir='ltr' id='par_1_4' title="bbox 120 968 631 1026">
     <span class='ocr_line' id='line_1_10' title="bbox 120 968 631 1026; baseline -0.002 -14"><span class='ocrx_word' id='word_1_59' title='bbox 120 970 140 1013; x_wconf 87' lang='lat' dir='ltr'>Si</span> <span class='ocrx_word' id='word_1_60' title='bbox 152 981 200 1024; x_wconf 74' lang='lat' dir='ltr'>toga</span> <span class='ocrx_word' id='word_1_61' title='bbox 209 971 321 1014; x_wconf 89' lang='lat' dir='ltr'>sordidula</span> <span class='ocrx_word' id='word_1_62' title='bbox 330 980 372 1020; x_wconf 79' lang='lat' dir='ltr'>est,</span> <span class='ocrx_word' id='word_1_63' title='bbox 382 980 404 1013; x_wconf 88' lang='lat' dir='ltr'>et</span> <span class='ocrx_word' id='word_1_64' title='bbox 413 981 476 1026; x_wconf 84' lang='lat' dir='ltr'>rupta</span> <span class='ocrx_word' id='word_1_65' title='bbox 486 969 568 1013; x_wconf 85' lang='lat' dir='ltr'>calceus</span> <span class='ocrx_word' id='word_1_66' title='bbox 577 968 631 1012; x_wconf 86' lang='lat' dir='ltr'>alter</span> 
     </span>
    </p>

    <p class='ocr_par' dir='ltr' id='par_1_5' title="bbox 119 1042 648 1097">
     <span class='ocr_line' id='line_1_11' title="bbox 119 1042 648 1097; baseline 0.002 -14"><span class='ocrx_word' id='word_1_67' title='bbox 119 1042 174 1083; x_wconf 85' lang='lat' dir='ltr'>Pelle</span> <span class='ocrx_word' id='word_1_68' title='bbox 183 1050 252 1097; x_wconf 83' lang='lat' dir='ltr'>patet;</span> <span class='ocrx_word' id='word_1_69' title='bbox 262 1042 294 1083; x_wconf 87' lang='lat' dir='ltr'>vel</span> <span class='ocrx_word' id='word_1_70' title='bbox 304 1043 333 1092; x_wconf 86' lang='lat' dir='ltr'>si,</span> <span class='ocrx_word' id='word_1_71' title='bbox 343 1053 434 1085; x_wconf 88' lang='lat' dir='ltr'>consuto</span> <span class='ocrx_word' id='word_1_72' title='bbox 444 1042 543 1093; x_wconf 78' lang='lat' dir='ltr'>vulnere,</span> <span class='ocrx_word' id='word_1_73' title='bbox 553 1055 648 1084; x_wconf 80' lang='lat' dir='ltr'>crassum</span> 
     </span>
    </p>

    <p class='ocr_par' dir='ltr' id='par_1_6' title="bbox 119 1113 664 1171">
     <span class='ocr_line' id='line_1_12' title="bbox 119 1113 664 1171; baseline -0.002 -15"><span class='ocrx_word' id='word_1_74' title='bbox 119 1118 186 1171; x_wconf 79' lang='lat' dir='ltr'>Atque</span> <span class='ocrx_word' id='word_1_75' title='bbox 196 1128 268 1156; x_wconf 89' lang='lat' dir='ltr'>recens</span> <span class='ocrx_word' id='word_1_76' title='bbox 277 1113 348 1157; x_wconf 83' lang='lat' dir='ltr'>tinum</span> <span class='ocrx_word' id='word_1_77' title='bbox 358 1114 451 1157; x_wconf 80' lang='lat' dir='ltr'>ostendit</span> <span class='ocrx_word' id='word_1_78' title='bbox 460 1127 504 1155; x_wconf 91' lang='lat' dir='ltr'>non</span> <span class='ocrx_word' id='word_1_79' title='bbox 514 1127 557 1155; x_wconf 87' lang='lat' dir='ltr'>una</span> <span class='ocrx_word' id='word_1_80' title='bbox 566 1115 664 1157; x_wconf 74' lang='lat' dir='ltr'>cicatrix!</span> 
     </span>
    </p>

    <p class='ocr_par' dir='ltr' id='par_1_7' title="bbox 121 1185 590 1243">
     <span class='ocr_line' id='line_1_13' title="bbox 121 1185 590 1243; baseline -0.004 -13"><span class='ocrx_word' id='word_1_81' title='bbox 121 1188 156 1231; x_wconf 87' lang='lat' dir='ltr'>Nil</span> <span class='ocrx_word' id='word_1_82' title='bbox 166 1189 229 1230; x_wconf 89' lang='lat' dir='ltr'>habet</span> <span class='ocrx_word' id='word_1_83' title='bbox 235 1187 309 1229; x_wconf 82' lang='lat' dir='ltr'>infelix</span> <span class='ocrx_word' id='word_1_84' title='bbox 318 1196 433 1243; x_wconf 74' lang='lat' dir='ltr'>paupertas</span> <span class='ocrx_word' id='word_1_85' title='bbox 442 1185 517 1228; x_wconf 81' lang='lat' dir='ltr'>durim</span> <span class='ocrx_word' id='word_1_86' title='bbox 525 1185 547 1226; x_wconf 92' lang='lat' dir='ltr'>iu</span> <span class='ocrx_word' id='word_1_87' title='bbox 557 1199 590 1237; x_wconf 81' lang='lat' dir='ltr'>ae,</span> 
     </span>
    </p>

    <p class='ocr_par' dir='ltr' id='par_1_8' title="bbox 120 1258 727 2045">
     <span class='ocr_line' id='line_1_14' title="bbox 122 1258 727 1318; baseline -0.002 -13"><span class='ocrx_word' id='word_1_88' title='bbox 122 1265 192 1318; x_wconf 81' lang='lat' dir='ltr'>Quam</span> <span class='ocrx_word' id='word_1_89' title='bbox 203 1262 262 1317; x_wconf 89' lang='lat' dir='ltr'>quod</span> <span class='ocrx_word' id='word_1_90' title='bbox 272 1260 373 1307; x_wconf 82' lang='lat' dir='ltr'>ridiculos</span> <span class='ocrx_word' id='word_1_91' title='bbox 382 1260 481 1302; x_wconf 84' lang='lat' dir='ltr'>homines</span> <span class='ocrx_word' id='word_1_92' title='bbox 491 1258 549 1301; x_wconf 80' lang='lat' dir='ltr'>facit.</span> <span class='ocrx_word' id='word_1_93' title='bbox 559 1261 633 1311; x_wconf 82' lang='lat' dir='ltr'>Exeat,</span> <span class='ocrx_word' id='word_1_94' title='bbox 642 1260 727 1318; x_wconf 79' lang='lat' dir='ltr'>inquit,</span> 
     </span>
     <span class='ocr_line' id='line_1_15' title="bbox 121 1334 632 1392; baseline 0 -15"><span class='ocrx_word' id='word_1_95' title='bbox 121 1337 141 1377; x_wconf 89' lang='lat' dir='ltr'>Si</span> <span class='ocrx_word' id='word_1_96' title='bbox 151 1337 223 1392; x_wconf 86' lang='lat' dir='ltr'>pudor</span> <span class='ocrx_word' id='word_1_97' title='bbox 232 1344 274 1387; x_wconf 79' lang='lat' dir='ltr'>est,</span> <span class='ocrx_word' id='word_1_98' title='bbox 284 1346 305 1377; x_wconf 90' lang='lat' dir='ltr'>et</span> <span class='ocrx_word' id='word_1_99' title='bbox 314 1336 340 1377; x_wconf 90' lang='lat' dir='ltr'>de</span> <span class='ocrx_word' id='word_1_100' title='bbox 350 1334 439 1390; x_wconf 85' lang='lat' dir='ltr'>pulvino</span> <span class='ocrx_word' id='word_1_101' title='bbox 447 1344 521 1391; x_wconf 69' lang='lat' dir='ltr'>surgat</span> <span class='ocrx_word' id='word_1_102' title='bbox 529 1334 632 1390; x_wconf 85' lang='lat' dir='ltr'>equestri,</span> 
     </span>
     <span class='ocr_line' id='line_1_16' title="bbox 121 1405 603 1462; baseline -0.002 -13"><span class='ocrx_word' id='word_1_103' title='bbox 121 1407 188 1462; x_wconf 86' lang='lat' dir='ltr'>cujus</span> <span class='ocrx_word' id='word_1_104' title='bbox 198 1421 230 1449; x_wconf 82' lang='lat' dir='ltr'>res</span> <span class='ocrx_word' id='word_1_105' title='bbox 239 1406 279 1462; x_wconf 74' lang='lat' dir='ltr'>legi</span> <span class='ocrx_word' id='word_1_106' title='bbox 288 1420 331 1449; x_wconf 86' lang='lat' dir='ltr'>non</span> <span class='ocrx_word' id='word_1_107' title='bbox 342 1405 434 1457; x_wconf 84' lang='lat' dir='ltr'>suflicit,</span> <span class='ocrx_word' id='word_1_108' title='bbox 443 1416 465 1449; x_wconf 85' lang='lat' dir='ltr'>et</span> <span class='ocrx_word' id='word_1_109' title='bbox 473 1408 559 1449; x_wconf 83' lang='lat' dir='ltr'>sedeant</span> <span class='ocrx_word' id='word_1_110' title='bbox 568 1406 603 1448; x_wconf 87' lang='lat' dir='ltr'>hio</span> 
     </span>
     <span class='ocr_line' id='line_1_17' title="bbox 121 1478 648 1534; baseline 0 -13"><span class='ocrx_word' id='word_1_111' title='bbox 121 1480 232 1521; x_wconf 90' lang='lat' dir='ltr'>Leuonum</span> <span class='ocrx_word' id='word_1_112' title='bbox 243 1478 304 1534; x_wconf 92' lang='lat' dir='ltr'>pueri</span> <span class='ocrx_word' id='word_1_113' title='bbox 314 1492 452 1533; x_wconf 88' lang='lat' dir='ltr'>quocumque</span> <span class='ocrx_word' id='word_1_114' title='bbox 468 1478 491 1520; x_wconf 91' lang='lat' dir='ltr'>in</span> <span class='ocrx_word' id='word_1_115' title='bbox 501 1478 582 1521; x_wconf 79' lang='lat' dir='ltr'>tomice</span> <span class='ocrx_word' id='word_1_116' title='bbox 591 1479 648 1531; x_wconf 82' lang='lat' dir='ltr'>nati;</span> 
     </span>
     <span class='ocr_line' id='line_1_18' title="bbox 120 1549 572 1605; baseline 0.002 -13"><span class='ocrx_word' id='word_1_117' title='bbox 120 1550 157 1592; x_wconf 83' lang='lat' dir='ltr'>liic</span> <span class='ocrx_word' id='word_1_118' title='bbox 166 1550 254 1605; x_wconf 90' lang='lat' dir='ltr'>plaudat</span> <span class='ocrx_word' id='word_1_119' title='bbox 266 1549 327 1592; x_wconf 88' lang='lat' dir='ltr'>nitidi</span> <span class='ocrx_word' id='word_1_120' title='bbox 336 1550 440 1605; x_wconf 68' lang='lat' dir='ltr'>preconis</span> <span class='ocrx_word' id='word_1_121' title='bbox 450 1550 507 1593; x_wconf 83' lang='lat' dir='ltr'>filius</span> <span class='ocrx_word' id='word_1_122' title='bbox 517 1550 572 1596; x_wconf 88' lang='lat' dir='ltr'>inter</span> 
     </span>
     <span class='ocr_line' id='line_1_19' title="bbox 120 1621 649 1677; baseline 0.004 -12"><span class='ocrx_word' id='word_1_123' title='bbox 120 1621 228 1677; x_wconf 85' lang='lat' dir='ltr'>Pinnirapi</span> <span class='ocrx_word' id='word_1_124' title='bbox 238 1621 306 1664; x_wconf 86' lang='lat' dir='ltr'>cultos</span> <span class='ocrx_word' id='word_1_125' title='bbox 313 1621 415 1677; x_wconf 79' lang='lat' dir='ltr'>juvenes,</span> <span class='ocrx_word' id='word_1_126' title='bbox 420 1623 552 1677; x_wconf 87' lang='lat' dir='ltr'>juvenesque</span> <span class='ocrx_word' id='word_1_127' title='bbox 561 1622 649 1667; x_wconf 70' lang='lat' dir='ltr'>unitas.</span> 
     </span>
     <span class='ocr_line' id='line_1_20' title="bbox 121 1696 657 1752; baseline 0 -12"><span class='ocrx_word' id='word_1_128' title='bbox 121 1697 154 1740; x_wconf 88' lang='lat' dir='ltr'>Sic</span> <span class='ocrx_word' id='word_1_129' title='bbox 164 1696 251 1739; x_wconf 86' lang='lat' dir='ltr'>libitum</span> <span class='ocrx_word' id='word_1_130' title='bbox 262 1710 326 1749; x_wconf 84' lang='lat' dir='ltr'>rano,</span> <span class='ocrx_word' id='word_1_131' title='bbox 336 1696 373 1752; x_wconf 89' lang='lat' dir='ltr'>qui</span> <span class='ocrx_word' id='word_1_132' title='bbox 383 1710 423 1739; x_wconf 88' lang='lat' dir='ltr'>nos</span> <span class='ocrx_word' id='word_1_133' title='bbox 431 1697 538 1748; x_wconf 79' lang='lat' dir='ltr'>distinxit,</span> <span class='ocrx_word' id='word_1_134' title='bbox 548 1697 633 1741; x_wconf 80' lang='lat' dir='ltr'>Othoni.</span> <span class='ocrx_word' id='word_1_135' title='bbox 654 1697 657 1702; x_wconf 79' lang='grc'><em>“</em></span> 
     </span>
     <span class='ocr_line' id='line_1_21' title="bbox 122 1768 702 1829; baseline 0.002 -18"><span class='ocrx_word' id='word_1_136' title='bbox 122 1769 173 1829; x_wconf 81' lang='lat' dir='ltr'>Quis</span> <span class='ocrx_word' id='word_1_137' title='bbox 183 1782 246 1823; x_wconf 76' lang='lat' dir='ltr'>gener</span> <span class='ocrx_word' id='word_1_138' title='bbox 256 1768 291 1810; x_wconf 84' lang='lat' dir='ltr'>bio</span> <span class='ocrx_word' id='word_1_139' title='bbox 299 1768 380 1824; x_wconf 86' lang='lat' dir='ltr'>placuit</span> <span class='ocrx_word' id='word_1_140' title='bbox 389 1782 455 1811; x_wconf 83' lang='lat' dir='ltr'>censu</span> <span class='ocrx_word' id='word_1_141' title='bbox 464 1769 542 1821; x_wconf 83' lang='lat' dir='ltr'>minor,</span> <span class='ocrx_word' id='word_1_142' title='bbox 552 1779 617 1824; x_wconf 86' lang='lat' dir='ltr'>atque</span> <span class='ocrx_word' id='word_1_143' title='bbox 625 1768 702 1825; x_wconf 68' lang='lat' dir='ltr'>puella</span> 
     </span>
     <span class='ocr_line' id='line_1_22' title="bbox 122 1842 673 1899; baseline -0.004 -14"><span class='ocrx_word' id='word_1_144' title='bbox 122 1842 237 1885; x_wconf 85' lang='lat' dir='ltr'>Sarcinulis</span> <span class='ocrx_word' id='word_1_145' title='bbox 246 1842 327 1899; x_wconf 73' lang='lat' dir='ltr'>impari</span> <span class='ocrx_word' id='word_1_146' title='bbox 336 1842 384 1898; x_wconf 89' lang='lat' dir='ltr'>quis</span> <span class='ocrx_word' id='word_1_147' title='bbox 394 1856 477 1898; x_wconf 88' lang='lat' dir='ltr'>pauper</span> <span class='ocrx_word' id='word_1_148' title='bbox 485 1843 587 1886; x_wconf 79' lang='lat' dir='ltr'>scribitur</span> <span class='ocrx_word' id='word_1_149' title='bbox 595 1842 673 1885; x_wconf 70' lang='lat' dir='ltr'>hares!</span> 
     </span>
     <span class='ocr_line' id='line_1_23' title="bbox 122 1913 667 1971; baseline 0 -14"><span class='ocrx_word' id='word_1_150' title='bbox 122 1915 213 1971; x_wconf 72' lang='lat' dir='ltr'>Quando</span> <span class='ocrx_word' id='word_1_151' title='bbox 223 1915 245 1957; x_wconf 94' lang='lat' dir='ltr'>in</span> <span class='ocrx_word' id='word_1_152' title='bbox 254 1914 342 1957; x_wconf 86' lang='lat' dir='ltr'>consilio</span> <span class='ocrx_word' id='word_1_153' title='bbox 352 1924 383 1956; x_wconf 89' lang='lat' dir='ltr'>est</span> <span class='ocrx_word' id='word_1_154' title='bbox 392 1914 504 1957; x_wconf 69' lang='lat' dir='ltr'>aedilibus?</span> <span class='ocrx_word' id='word_1_155' title='bbox 513 1914 598 1969; x_wconf 76' lang='lat' dir='ltr'>agmine</span> <span class='ocrx_word' id='word_1_156' title='bbox 608 1913 667 1958; x_wconf 77' lang='lat' dir='ltr'>iacto</span> 
     </span>
     <span class='ocr_line' id='line_1_24' title="bbox 121 1989 605 2045; baseline -0.002 -14"><span class='ocrx_word' id='word_1_157' title='bbox 121 1990 243 2032; x_wconf 83' lang='lat' dir='ltr'>Debuerant</span> <span class='ocrx_word' id='word_1_158' title='bbox 251 1989 303 2031; x_wconf 88' lang='lat' dir='ltr'>olirn</span> <span class='ocrx_word' id='word_1_159' title='bbox 313 1999 387 2032; x_wconf 87' lang='lat' dir='ltr'>tenues</span> <span class='ocrx_word' id='word_1_160' title='bbox 397 1989 498 2044; x_wconf 73' lang='lat' dir='ltr'>migrasse</span> <span class='ocrx_word' id='word_1_161' title='bbox 507 1989 605 2045; x_wconf 79' lang='lat' dir='ltr'>Quirites.</span> 
     </span>
    </p>

    <p class='ocr_par' dir='ltr' id='par_1_9' title="bbox 124 2062 710 2332">
     <span class='ocr_line' id='line_1_25' title="bbox 125 2062 697 2117; baseline 0.009 -14"><span class='ocrx_word' id='word_1_162' title='bbox 125 2062 186 2104; x_wconf 89' lang='lat' dir='ltr'>llaud</span> <span class='ocrx_word' id='word_1_163' title='bbox 196 2062 257 2105; x_wconf 82' lang='lat' dir='ltr'>facile</span> <span class='ocrx_word' id='word_1_164' title='bbox 266 2072 389 2117; x_wconf 75' lang='lat' dir='ltr'>emergunt,</span> <span class='ocrx_word' id='word_1_165' title='bbox 399 2075 493 2116; x_wconf 61' lang='lat' dir='ltr'>quorum</span> <span class='ocrx_word' id='word_1_166' title='bbox 503 2062 617 2105; x_wconf 84' lang='lat' dir='ltr'>virtutibus</span> <span class='ocrx_word' id='word_1_167' title='bbox 624 2062 697 2108; x_wconf 81' lang='lat' dir='ltr'>obstat</span> 
     </span>
     <span class='ocr_line' id='line_1_26' title="bbox 125 2134 679 2189; baseline -0.004 -12"><span class='ocrx_word' id='word_1_168' title='bbox 125 2137 163 2177; x_wconf 81' lang='lat' dir='ltr'>lies</span> <span class='ocrx_word' id='word_1_169' title='bbox 173 2144 262 2189; x_wconf 70' lang='lat' dir='ltr'>augusta</span> <span class='ocrx_word' id='word_1_170' title='bbox 271 2136 329 2177; x_wconf 91' lang='lat' dir='ltr'>domi</span> <span class='ocrx_word' id='word_1_171' title='bbox 338 2150 343 2174; x_wconf 89' lang='lat'><strong>:</strong></span> <span class='ocrx_word' id='word_1_172' title='bbox 353 2134 389 2175; x_wconf 80' lang='lat' dir='ltr'>sed</span> <span class='ocrx_word' id='word_1_173' title='bbox 398 2136 469 2175; x_wconf 76' lang='lat' dir='ltr'>liomae</span> <span class='ocrx_word' id='word_1_174' title='bbox 478 2134 553 2177; x_wconf 86' lang='lat' dir='ltr'>durior</span> <span class='ocrx_word' id='word_1_175' title='bbox 564 2135 604 2176; x_wconf 87' lang='lat' dir='ltr'>illis</span> <span class='ocrx_word' id='word_1_176' title='bbox 675 2176 679 2184; x_wconf 76' lang='grc'>,</span> 
     </span>
     <span class='ocr_line' id='line_1_27' title="bbox 124 2197 710 2262; baseline 0.002 -14"><span class='ocrx_word' id='word_1_177' title='bbox 124 2208 224 2248; x_wconf 81' lang='lat' dir='ltr'>conatus.</span> <span class='ocrx_word' id='word_1_178' title='bbox 234 2207 310 2259; x_wconf 72' lang='lat' dir='ltr'>Magno</span> <span class='ocrx_word' id='word_1_179' title='bbox 320 2203 437 2258; x_wconf 87' lang='lat' dir='ltr'>hospitium</span> <span class='ocrx_word' id='word_1_180' title='bbox 447 2204 579 2246; x_wconf 86' lang='lat' dir='ltr'>miserabile:</span> <span class='ocrx_word' id='word_1_181' title='bbox 589 2218 668 2262; x_wconf 79' lang='lat' dir='ltr'>magno</span> <span class='ocrx_word' id='word_1_182' title='bbox 686 2197 710 2212; x_wconf 79' lang='grc'>”</span> 
     </span>
     <span class='ocr_line' id='line_1_28' title="bbox 125 2273 626 2332; baseline -0.002 -12"><span class='ocrx_word' id='word_1_183' title='bbox 125 2278 238 2320; x_wconf 76' lang='lat' dir='ltr'>Servorum</span> <span class='ocrx_word' id='word_1_184' title='bbox 247 2284 341 2326; x_wconf 82' lang='lat' dir='ltr'>ventres,</span> <span class='ocrx_word' id='word_1_185' title='bbox 351 2284 371 2317; x_wconf 90' lang='lat' dir='ltr'>et</span> <span class='ocrx_word' id='word_1_186' title='bbox 381 2273 438 2331; x_wconf 70' lang='lat' dir='ltr'>frugi</span> <span class='ocrx_word' id='word_1_187' title='bbox 449 2275 532 2319; x_wconf 66' lang='lat' dir='ltr'>etenffla</span> <span class='ocrx_word' id='word_1_188' title='bbox 541 2289 626 2332; x_wconf 66' lang='lat' dir='ltr'>magno.</span> 
     </span>
    </p>
   </div>
   <div class='ocr_carea' id='block_1_4' title="bbox 694 1525 781 1564">
    <p class='ocr_par' dir='ltr' id='par_1_10' title="bbox 694 1525 781 1564">
     <span class='ocr_line' id='line_1_29' title="bbox 694 1525 781 1564; baseline 0 -4"><span class='ocrx_word' id='word_1_189' title='bbox 694 1557 697 1564; x_wconf 82' lang='lat'><em>.</em></span> <span class='ocrx_word' id='word_1_190' title='bbox 777 1525 781 1560; x_wconf 80' lang='lat' dir='ltr'>l</span> 
     </span>
    </p>
   </div>
   <div class='ocr_carea' id='block_1_5' title="bbox 778 536 780 1066">
    <p class='ocr_par' dir='ltr' id='par_1_11' title="bbox 778 536 780 1066">
     <span class='ocr_line' id='line_1_30' title="bbox 778 536 780 1066; baseline 0 0"><span class='ocrx_word' id='word_1_191' title='bbox 778 536 780 1066; x_wconf 95' lang='lat' dir='ltr'> </span> 
     </span>
    </p>
   </div>
   <div class='ocr_carea' id='block_1_6' title="bbox 791 0 795 2642">
    <p class='ocr_par' dir='ltr' id='par_1_12' title="bbox 791 0 795 2642">
     <span class='ocr_line' id='line_1_31' title="bbox 791 0 795 2642; baseline 0 0"><span class='ocrx_word' id='word_1_192' title='bbox 791 0 795 2642; x_wconf 95' lang='lat' dir='ltr'> </span> 
     </span>
    </p>
   </div>
   <div class='ocr_carea' id='block_1_7' title="bbox 1479 0 1482 2642">
    <p class='ocr_par' dir='ltr' id='par_1_13' title="bbox 1479 0 1482 2642">
     <span class='ocr_line' id='line_1_32' title="bbox 1479 0 1482 2642; baseline 0 0"><span class='ocrx_word' id='word_1_193' title='bbox 1479 0 1482 2642; x_wconf 95' lang='lat' dir='ltr'> </span> 
     </span>
    </p>
   </div>
   <div class='ocr_carea' id='block_1_8' title="bbox 1578 0 1582 2642">
    <p class='ocr_par' dir='ltr' id='par_1_14' title="bbox 1578 0 1582 2642">
     <span class='ocr_line' id='line_1_33' title="bbox 1578 0 1582 2642; baseline 0 0"><span class='ocrx_word' id='word_1_194' title='bbox 1578 0 1582 2642; x_wconf 95' lang='lat' dir='ltr'> </span> 
     </span>
    </p>
   </div>
   <div class='ocr_carea' id='block_1_9' title="bbox 1581 0 1584 2642">
    <p class='ocr_par' dir='ltr' id='par_1_15' title="bbox 1581 0 1584 2642">
     <span class='ocr_line' id='line_1_34' title="bbox 1581 0 1584 2642; baseline 0 0"><span class='ocrx_word' id='word_1_195' title='bbox 1581 0 1584 2642; x_wconf 95' lang='lat' dir='ltr'> </span> 
     </span>
    </p>
   </div>
  </div>
 </body>
</html>
