1584 2642
109 251 136 303 42
289 252 312 291 o.
329 252 347 292 r.
365 248 556 291 roverius

109 406 736 433 mmmmmmm
784 333 786 412 ἶ

323 538 472 590 SATIRA
489 542 520 591 V.
784 485 785 544 i

340 701 504 743 Ptutsrrr.

109 842 130 884 Sr
141 852 161 884 ta
170 844 272 900 propositi
282 847 379 887 noudum
389 846 466 902 pudet,
475 855 539 901 atque
548 847 623 887 eadem
632 854 663 888 est
674 860 752 896 meus.

110 918 137 959 Ut
147 917 203 959 bona
212 932 298 960 summa
307 930 380 974 putes,
389 918 458 961 aliena
467 919 535 960 vivere
544 920 636 973 quadra3

109 987 130 1029 Si
139 997 198 1043 potes
207 988 243 1030 iiia
253 990 305 1044 pati,
317 1004 364 1045 quae
373 1004 412 1032 nec
421 992 545 1031 Sarmentus
555 990 638 1045 iniquas

108 1058 194 1100 casaris
202 1060 229 1100 ad
240 1074 334 1109 mensas,
344 1073 382 1101 uec
392 1060 438 1101 vilis
447 1060 512 1102 Galba
522 1061 613 1111 tulisset,

104 1130 210 1187 *Quamvis
216 1128 291 1184 jurato
298 1140 396 1171 metuam
408 1130 445 1171 tibi
455 1130 539 1171 credero
549 1132 602 1172 tosti.

109 1204 188 1246 Ventre
197 1203 250 1245 nihil
260 1204 308 1244 novi
318 1202 434 1258 frugalius:
444 1203 485 1243 hoc
496 1212 567 1244 tamen
576 1204 647 1259 ipsum

107 1277 209 1319 Defecisse
219 1286 282 1333 putu,
292 1278 350 1332 quod
359 1277 418 1317 inani
426 1274 507 1318 sufficit
516 1276 576 1318 alvo:

107 1348 172 1391 Nulla
181 1349 266 1403 crepido
275 1353 346 1391 vacat?
356 1361 463 1402 nusquam
473 1354 538 1403 pous?
547 1359 568 1391 et
577 1350 650 1405 tegetis
659 1365 710 1408 pam

109 1422 200 1465 Dimidia
210 1423 304 1465 brevior?
314 1420 394 1463 tantine
403 1422 483 1477 injuria
492 1428 568 1468 coenaer

107 1498 161 1537 Tam
170 1494 246 1550 jejuna
257 1494 335 1535 fames!
344 1508 413 1549 quum
423 1495 489 1550 possis
498 1496 607 1539 honestius
615 1496 658 1538 illic

108 1570 133 1611 lit
143 1576 243 1617 tremore,
253 1575 274 1607 et
283 1566 354 1607 sordes
364 1565 427 1607 farris
436 1568 533 1609 mordere
542 1568 626 1611 caninii
681 1568 687 1583 ‘

136 1638 206 1679 Primo
217 1638 256 1693 fige
266 1638 323 1683 loco.
333 1639 390 1693 quod
401 1648 425 1681 tu
434 1638 567 1681 discumbere
573 1640 647 1695 jussus

108 1713 226 1757 Mercedem
235 1713 326 1755 solidam
335 1722 431 1755 vetemur
441 1713 498 1769 capis
507 1713 636 1757 officiorum.

107 1789 197 1830 Fructus
206 1785 304 1829 amicitia
314 1798 407 1841 magna,
417 1786 490 1828 cibus:
500 1786 593 1841 imputat
601 1786 660 1828 hunc
668 1800 717 1840 rex,

108 1863 144 1912 Et,
154 1858 252 1915 quamvis
261 1873 346 1911 mrum,
357 1870 430 1901 tamen
438 1859 537 1915 imputat.
547 1860 600 1914 Ergo
609 1860 663 1900 duos
672 1870 722 1915 post

107 1934 128 1977 Si
137 1933 201 1976 libuit
210 1946 293 1975 meuses
301 1933 422 1989 neglectum
430 1931 532 1974 adhibere
542 1930 652 1981 etenum,

107 2006 178 2049 Tertia
188 2019 214 2047 ne
223 2018 290 2047 vacuo
300 2013 391 2047 cessaret
400 2003 478 2045 culcita
486 2003 552 2053 lect0;

108 2080 155 2121 Una
163 2078 242 2129 simus,
251 2080 287 2122 ait.
298 2080 404 2121 Votorum
414 2091 500 2119 summa
509 2091 514 2115 :
523 2077 575 2133 quid
584 2075 640 2118 ultra

108 2151 200 2207 Quarist
210 2152 275 2193 {lubet
281 2149 369 2192 Trebius
376 2182 381 2200 ‚
388 2158 475 2205 propter
483 2151 542 2205 quod
551 2162 650 2204 rumpere
659 2162 763 2193 somnum

109 2225 198 2277 Bebeat,
208 2234 229 2267 et
237 2223 313 2280 ligulas
321 2223 440 2277 dimittere,
449 2223 563 2273 sollicitus,
571 2235 600 2263 ne
