1584 2642
783 115 784 144 t

116 207 155 236 raa
294 193 317 233 ll.
335 192 353 232 J.
371 190 562 232 JUVENlllS
665 205 685 232 v.
702 195 751 246 ¹²4-

112 280 218 324 Dentibus
226 293 252 321 ex
260 278 301 320 illis
310 290 365 333 quos
374 276 441 318 mittit
450 285 511 332 porta
520 277 608 332 Syenes,
726 331 733 340 ,
784 280 785 320 l

113 354 138 394 lit
147 350 216 394 Mauri
225 349 313 399 celeres,
322 357 344 390 et
353 350 428 390 llauro
438 347 550 390 obscurior
558 349 635 401 Indus,

111 427 137 468 llt
146 437 199 479 quos
208 421 307 478 deposuit
315 420 429 463 nabathaeo
438 419 510 462 bellua
519 419 587 471 saltu,

111 499 160 539 lam
169 495 249 538 nimios
256 492 362 550 capitique
372 506 451 548 graves.
461 491 681 548 llincsurpitorexis,
785 489 786 542 l

113 568 167 610 lliuc
176 566 287 609 stomacho
297 566 361 608 vires:
370 579 423 606 nam
433 577 469 619 pes
479 573 591 619 argenteus
600 563 653 615 illis,

110 641 208 684 lunulas
215 641 239 682 in
248 641 315 697 digito
323 640 382 695 quod
391 639 479 681 ferreus.
489 640 543 695 Ergo
552 639 672 694 superbum

112 716 229 759 Convivam
238 729 303 758 caveo
311 715 350 771 qui
357 728 393 756 me
402 713 443 756 sibi
452 722 573 768 comparat,
584 723 605 756 et
614 727 648 755 res

112 787 205 844 Despicit
213 787 306 844 exiguas.
316 788 372 830 ldeo
382 785 441 828 nulla
451 785 514 826 uncia
522 784 585 826 nobis

110 864 146 905 list
155 863 226 906 eboris
234 879 239 905 ι
248 876 287 904 nec
300 857 398 913 tessellae,
408 873 446 902 uec
456 858 550 902 calculus
560 873 585 901 ex
594 859 633 902 hac

112 936 210 977 lllateria:
220 935 274 990 quin
283 935 328 990 ipsa
338 932 453 976 manubria
462 931 598 974 cultellorum

111 1009 185 1057 Osset,
195 1021 239 1048 uon
250 1018 323 1050 tamen
333 1007 367 1048 his
376 1005 421 1049 ulla
431 1018 527 1060 unquam
537 1004 626 1060 opsonia
636 1004 695 1050 fiunt

110 1081 239 1132 Rancidula,
247 1091 287 1123 aut
295 1081 343 1122 ideo
353 1080 416 1136 pejor
424 1079 502 1136 gallina
511 1089 601 1122 secatur.

109 1153 149 1195 Sed
158 1166 198 1194 nec
207 1162 300 1194 structor
308 1152 349 1194 erit
359 1153 394 1194 cui
404 1154 477 1195 cedere
486 1153 562 1194 debeat
572 1153 643 1194 omnis

110 1222 210 1279 Perpula,
219 1221 336 1277 discipulus
345 1223 447 1278 Trypheri
457 1224 561 1273 doctoris,
571 1225 628 1279 apud
638 1239 707 1280 quem

111 1297 200 1339 Sumine
211 1311 262 1338 cum
274 1309 353 1350 magno
362 1295 434 1352 lepus,
444 1306 508 1352 atque
518 1311 579 1353 aper,
588 1308 610 1340 et
618 1312 739 1356 pygargus,

110 1372 135 1413 llt
143 1371 241 1428 scythice
250 1370 358 1422 volucres,
368 1380 389 1412 et
399 1371 570 1428 phoenicopterus
580 1373 667 1429 iugens,

110 1445 135 1486 Et
143 1442 233 1498 getulus
242 1456 305 1499 oryx,
317 1443 388 1485 hebeti
398 1442 517 1486 lautissima
526 1443 583 1488 ferro

111 1517 213 1566 eedimr,
221 1526 243 1558 et
253 1526 297 1559 tota
307 1528 369 1559 sonat
378 1517 450 1560 ulmea
459 1531 518 1560 coena
527 1520 635 1562 Suburra:

114 1592 158 1632 Nee
167 1589 263 1634 frustum
273 1605 353 1646 capreae
362 1593 493 1644 subducere,
503 1606 542 1635 nec
550 1593 607 1636 latus
616 1593 672 1638 Aftae

112 1664 177 1706 Novit
186 1663 230 1705 aris
239 1674 310 1707 noster
320 1665 452 1716 tirunculus,
462 1679 486 1708 ac
496 1665 555 1708 rudis
564 1667 624 1708 omni

112 1740 227 1793 Tempore,
237 1748 258 1781 et
267 1740 346 1794 exigue
356 1739 430 1782 trustis
440 1739 536 1783 imbutus
545 1739 621 1784 ofellae.

110 1812 204 1855 Plebeios
213 1813 288 1855 calices
297 1802 321 1856 et‘
327 1813 400 1870 paucis
410 1814 491 1856 assibus
501 1823 570 1856 erutos

111 1885 206 1942 Porriget
214 1885 309 1929 incultus
318 1901 378 1943 puer,
383 1879 453 1942 'atque
462 1901 474 1929 a
485 1886 563 1944 frigore
574 1897 643 1938 tutus,

114 1959 163 1998 Non
173 1958 240 2014 Phryx
250 1968 288 2001 aut
297 1959 382 2015 Lycius,
393 1972 437 2001 non
448 1973 460 2000 a
470 1972 576 2014 mangone
585 1959 664 2016 petitus

114 2028 233 2083 Quisquam
243 2030 294 2078 erit,
304 2040 324 2072 et
334 2043 420 2084 magno.
430 2031 502 2086 Quum
512 2044 596 2086 posces,
605 2045 668 2086 posce
678 2032 756 2079 latine.

113 2099 173 2140 ldern
184 2100 272 2143 babitus
281 2101 376 2151 cunctis,
387 2100 441 2143 tonsi
452 2101 545 2156 rectique
554 2102 635 2158 capilli,

114 2171 182 2224 Atque
191 2171 256 2213 bodie
266 2182 351 2214 tantum
360 2181 448 2228 propter
457 2175 553 2218 convivia
561 2176 615 2231 pexi.
