1584 2642
78 295 105 347 76
259 296 281 335 D.
300 296 317 336 J.
335 294 527 337 Juvnnntls
641 308 719 339 mo.
788 265 789 274 i

76 383 120 422 lloc
130 382 195 437 agite.
206 395 218 422 o
225 381 325 435 juvenes!
335 380 482 436 circumspicit
491 390 512 423 et
521 380 618 423 stimulat
626 395 678 434 ros,

77 454 231 507 materiamque
240 452 280 494 sibi
290 453 350 494 ducis
359 454 492 509 indulgentia
500 453 583 509 quierit.

77 525 98 565 Si
107 538 150 579 qua
160 524 245 565 aliunde
254 533 317 579 putas
326 538 399 566 rerum
409 526 549 580 exspectanda
559 532 647 568 tuarum

76 596 184 646 Praesidio,
194 607 258 651 atque
267 598 315 639 ideo
324 612 403 640 croeeae
412 598 540 641 membrana
550 597 631 639 tabella

76 668 187 723 lmpletur‚
196 669 304 725 lignorum
315 670 396 725 aliquid
406 684 469 725 posce
478 669 548 718 ocius;
559 679 591 721 et,
600 683 649 724 quoe

77 743 205 798 Componis,
214 746 271 788 dona
280 747 380 797 Veneris,
387 746 495 795 Telesine,
506 744 594 794 marito;

77 819 118 860 Aut
129 818 201 869 clude.
212 831 233 863 et
242 821 322 876 positos
332 822 388 863 tinea
398 821 502 876 pertunde
512 818 599 860 libellos.

77 892 158 947 Frange
168 892 232 935 miser
240 893 345 941 calamos,
355 893 482 948 vigilataque
491 890 562 947 praelia
571 890 629 940 dele,

77 961 118 1015 Qui
129 962 180 1004 lacis
190 963 212 1004 iu
222 978 287 1019 perra
296 964 398 1005 sublimia
407 965 503 1005 carmine
512 962 576 1011 cella,

78 1034 105 1075 Ut
114 1034 191 1087 dignus
201 1036 272 1076 venias
282 1035 365 1077 hederis
374 1044 395 1076 et
405 1034 498 1090 imagine
508 1047 589 1076 macra.

77 1108 128 1161 Spes
137 1106 196 1147 nulle
206 1107 307 1149 ulterior:
317 1108 390 1149 didicit
397 1108 446 1161 jem
453 1108 513 1149 dives
522 1122 598 1151 avarus

78 1177 173 1218 'lantum
183 1177 296 1226 admirari,
307 1187 392 1219 tantum
402 1178 489 1219 laudare
498 1178 598 1230 disertos,

79 1250 106 1289 Ut
115 1248 175 1302 pueri
184 1248 273 1289 lunonis
282 1261 351 1289 avem.
361 1249 401 1289 Sed
410 1248 486 1291 delluit
493 1259 544 1292 aetas

77 1321 102 1361 Et
112 1317 179 1373 pelagi
190 1318 281 1372 patiens,
292 1328 313 1359 et
322 1318 408 1360 cassidis
416 1328 481 1374 atque
490 1319 579 1377 ligonis:

78 1389 147 1431 Taedia
157 1398 208 1429 tunc
218 1390 311 1431 subeunt
321 1388 416 1439 animos,
426 1400 477 1433 tunc
487 1406 551 1448 seque
560 1407 667 1450 suamque
731 1412 739 1429 ·

79 1460 231 1515 Terpsichoren
241 1460 286 1502 odit
296 1460 389 1503 facunda
398 1473 420 1505 et
428 1464 487 1506 nuda
496 1476 599 1507 senectus.

79 1607 154 1647 Acerra
164 1618 222 1647 nunc
231 1615 298 1654 artes,
307 1620 334 1648 ne
343 1608 395 1663 quid
406 1608 444 1651 tibi
453 1609 550 1653 conferat
559 1610 598 1652 iste

79 1681 148 1735 Quem
157 1678 220 1729 colis,
230 1689 250 1721 ct
260 1694 371 1723 musarum
382 1693 403 1724 et
412 1684 514 1739 Apollinis
522 1685 567 1726 oede
576 1684 654 1727 relicta.

78 1754 124 1807 lpse
135 1751 185 1793 facit
195 1766 277 1803 versus,
288 1762 352 1809 atque
361 1756 400 1796 uni
409 1756 465 1798 cedit
474 1758 566 1798 llomero

79 1828 166 1881 Propter
175 1824 233 1866 mille
243 1840 316 1869 annos.
325 1832 361 1877 tt,
372 1829 388 1869 si
398 1829 510 1871 dulcedine
521 1829 583 1872 lamae

78 1901 195 1943 Succensus
206 1902 288 1953 recites,
300 1903 424 1945 Meculonus
433 1904 557 1946 commodet
565 1906 631 1947 aedes:

79 1975 107 2014 Ac
116 1972 178 2027 longe
188 1971 266 2016 ferrata
274 1976 352 2016 domus
361 1976 438 2016 servire
445 1975 542 2028 jubetur,

78 2047 103 2085 ln
113 2058 155 2098 qua
165 2043 263 2087 sollicitas
273 2046 371 2087 imitatur
377 2045 446 2099 janua
455 2056 533 2099 portas.

78 2117 121 2158 Scit
130 2118 180 2158 dare
191 2118 276 2161 libertos
285 2122 380 2161 extreme
389 2118 412 2159 in
421 2128 480 2171 purte
489 2120 585 2163 sedentes

78 2190 173 2239 Ordinis,
182 2202 203 2234 et
213 2206 300 2247 magnes
309 2191 415 2233 comitum
425 2191 536 2245 disponere
545 2207 612 2235 voces.

80 2262 148 2303 Ncmo
158 2262 217 2305 dabit
226 2276 312 2319 regum,
322 2261 397 2316 quanti
407 2262 508 2307 subsellia
516 2274 625 2317 constent,
