1584 2642
52 230 73 256 v.
88 220 133 258 151.
279 217 399 258 snTtna
417 218 459 258 Vl.
656 224 682 262 ⁵5

53 306 187 362 Quantulum
197 306 219 347 in
229 306 281 348 hoc!
290 308 366 348 Pueros
376 321 463 358 omnes,
471 307 576 363 ergastula
585 318 640 362 tota;

54 381 156 436 Quodque
165 379 225 421 domi
234 393 278 421 non
285 390 327 430 est,
337 390 358 423 et
366 381 432 424 babet
440 381 532 432 ricinus,
542 392 634 425 ematur.

56 454 124 495 Mense
132 452 220 507 quidem
230 453 323 503 brume,
333 466 376 508 quo
383 453 431 508 jam
441 464 547 496 mercator
555 457 616 497 lason

56 525 153 576 Clausus.
164 534 186 568 et
195 527 283 569 armatis
292 527 363 568 obstat
371 540 420 568 casa
428 527 519 569 candida
527 528 611 579 nautis,

55 601 144 642 Grandia
155 600 259 643 tolluntur
268 600 400 657 crystallina,
410 602 503 643 maxima
513 616 586 644 rursus

55 674 175 723 Murrbina,
185 674 261 715 deiude
270 675 357 715 adamas
367 675 503 723 notissimus,
512 684 533 716 et
542 676 648 718 Berenices

55 747 79 787 ln
87 746 153 801 digito
164 744 233 787 iactus
242 746 366 799 pretiosior:
376 747 434 787 hunc
443 746 502 788 dedit
510 746 563 787 olim

54 820 156 861 Barbarus
166 818 260 866 inceste.
270 818 327 860 dedit
336 819 393 860 huuc
403 818 494 873 Agrippa
503 818 582 869 sorori,

54 890 168 931 observant
178 888 215 929 ubi
225 887 277 930 festa
288 902 347 930 mero
358 889 412 944 pede
420 889 509 930 sabbata
519 902 587 943 reges,

53 964 77 1007 Et
86 972 146 1005 vetus
155 961 251 1016 indulget
260 962 345 1004 senibus
354 962 471 1004 clementia
475 960 550 1016 porcis.

54 1112 190 1153 -Nuuutnr
199 1112 225 1154 de
234 1112 298 1155 tantis
307 1112 406 1169 gregibus
417 1111 455 1154 tibi
464 1112 528 1167 digua
536 1111 661 1154 videtur!-

53 1182 82 1224 Sit
92 1181 198 1231 formosa,
208 1184 295 1235 decens,
304 1184 372 1234 dives,
382 1182 485 1235 fecunda,
495 1194 587 1226 vetustos

52 1256 170 1299 Porticibus
178 1256 277 1311 disponat
287 1270 348 1305 avos.
357 1257 385 1299 sit
393 1257 471 1299 castior
479 1257 539 1298 omni

53 1329 151 1371 Crinibus
160 1328 235 1370 effusis
245 1328 326 1371 bellum
336 1330 450 1371 dirimente
458 1330 547 1381 Sabina,

53 1402 118 1457 (llam
128 1402 171 1445 avis
182 1402 203 1443 iu
214 1403 284 1453 terris,
294 1403 396 1458 nigroque
406 1402 515 1445 simillima
525 1402 605 1459 cycno)

53 1474 103 1531 Quis
113 1474 168 1516 ierat
177 1488 277 1524 uxorem,
287 1475 321 1516 cui
331 1484 431 1517 coustant
439 1475 524 1517 omnia?
533 1474 599 1529 Malo,

6 1550 8 1611 ζ
53 1547 108 1589 Malo
120 1547 265 1597 Venusinam,
275 1562 341 1601 quam
352 1558 383 1598 te,
392 1549 500 1598 Cornelia,
510 1558 579 1590 mater

6 1618 7 1625 ’
53 1620 209 1670 Gracchorum,
218 1619 235 1661 si
244 1634 295 1661 cum
305 1620 387 1675 magnis
396 1621 511 1663 virtutibus
521 1621 591 1663 adfers

53 1694 135 1735 Grande
145 1692 294 1747 supercilium,
304 1704 325 1735 et
334 1708 436 1735 numeras
445 1695 468 1735 in
476 1695 525 1737 dote
536 1694 661 1749 triumphos.

54 1764 110 1807 Tolle
120 1776 195 1813 tuum,
205 1778 293 1820 precor,
301 1766 428 1807 Annibalem
437 1775 446 1814 ,·
452 1766 575 1820 victumque
584 1767 702 1823 Syphacem

54 1840 78 1881 ln
87 1839 172 1889 castris,
181 1848 203 1880 et
212 1852 262 1881 curn
273 1849 317 1882 tota
327 1840 453 1893 Carthagine
464 1839 538 1893 migra.

80 1913 154 1961 Parce,
164 1925 244 1967 precor.
253 1914 323 1963 Paean,
333 1922 354 1953 et
364 1922 387 1953 tu
397 1913 479 1965 depone
489 1911 585 1965 sagittam

53 1982 87 2024 llil
96 1983 157 2038 pueri
168 1982 260 2031 iaciunt,
269 1983 337 2037 ipsam
347 1982 446 2037 conligite
456 1990 559 2031 matrem,

52 2056 159 2110 amphion
168 2054 257 2106 clamat3
266 2056 302 2097 sed
311 2058 371 2097 Paean
381 2054 488 2096 contrahit
497 2068 579 2096 arcmn.

52 2127 131 2170 Extulit
140 2140 189 2182 ergo
198 2140 270 2183 greges
279 2137 391 2177 natorum5
401 2127 511 2181 ipsamque
520 2137 642 2182 parentem,

52 2200 107 2243 llum
116 2199 157 2243 sibi
166 2198 259 2242 nobilior
267 2201 353 2243 basone
362 2208 424 2255 gente
433 2198 522 2249 videtur,
