1584 2642
93 205 119 267 ³4,
270 204 292 241 n.
311 200 540 241 treverensis
653 204 731 254 en.

56 330 58 334 .
91 293 111 346 δί
121 291 191 333 malus
200 300 241 340 est,
250 304 333 345 nequeo
343 289 430 330 laudare
439 298 461 330 et
469 302 569 344 poscere:
580 300 653 331 motus

91 371 204 409 istrorum
213 365 298 419 ignor03
309 363 375 405 funus
384 364 510 419 promittere
519 365 585 419 patris

28 418 39 431 i
92 440 136 490 Nec
145 436 204 486 volo,
213 449 252 477 nee
262 449 361 491 possum
372 450 474 477 renerum
485 436 565 477 viscera
574 450 688 492 nunquam

16 491 25 501 Ι.
92 507 181 563 inspexi.
191 508 252 559 Ferre
261 508 288 557 ad
297 518 401 563 nuptam,
410 522 458 562 quae
467 508 534 549 mittit
542 508 632 558 adulter,

93 583 144 637 Quae
154 582 253 632 mandat,
264 581 336 632 norint
345 580 394 634 alii:
405 594 440 622 me
450 595 514 623 nemo
524 582 624 623 ministro

93 656 137 710 l'ur
146 654 268 710 arieteque
277 655 325 697 ideo
335 655 389 706 nulli
398 669 470 698 eomes
480 670 541 707 exeo,
553 667 657 711 tanquam

95 731 194 780 Marcus,
204 739 225 772 et
234 730 337 773 exstincu
346 745 424 787 corpus
433 745 477 773 non
487 731 538 773 utile
548 732 627 773 dextra.

95 802 148 859 Quis
157 816 215 845 nnuc
225 802 326 859 diligitur,
336 803 376 845 uisi
386 803 494 853 conscius,
504 812 525 845 et
534 803 568 845 eui
579 802 667 853 fervens

95 876 175 927 AEstuat
186 874 273 917 occultis
282 874 368 917 animus
377 889 502 931 semperque
512 874 618 917 tacendis?

96 948 132 990 Nil
142 948 180 990 tibi
190 962 211 989 se
221 948 296 991 debere
306 959 378 1004 putat,
388 949 419 992 nil
429 948 524 991 conferet
533 962 641 1004 unquam

96 1018 223 1073 Partieipem
232 1019 269 1073 qui
279 1029 300 1061 te
310 1020 383 1065 secreti
393 1020 445 1062 fecit
453 1019 544 1061 honesti.

99 1094 165 1139 Carus
175 1092 215 1133 erit
224 1092 296 1143 Verri,
306 1092 343 1147 qui
353 1095 441 1135 Verrem
453 1101 559 1144 tempore,
568 1105 612 1145 quo
621 1090 668 1133 vult

97 1166 203 1207 Adeusare
212 1175 288 1220 potest.
298 1167 361 1207 Tanti
372 1164 411 1207 tibi
421 1177 464 1204 non
474 1163 501 1203 sit
510 1162 571 1217 epaei

99 1237 173 1281 Omnis
182 1251 246 1279 arena
255 1238 317 1292 Tagi,
325 1237 426 1291 quodque
435 1236 458 1274 in
468 1247 526 1273 mare
536 1232 630 1274 volvitur
638 1248 744 1298 aurum2

100 1314 127 1356 Ut
136 1326 212 1354 somno
222 1324 303 1362 careas,
313 1310 455 1365 ponendaque
464 1306 551 1361 praernie
560 1321 634 1350 sumes
646 1339 650 1353 .

100 1386 183 1436 Tristis,
193 1394 215 1427 et
224 1398 236 1425 a
246 1395 324 1437 magno
334 1394 419 1435 semper
428 1380 522 1422 timearis
531 1381 609 1423 amico.

102 1530 153 1585 Qun
162 1540 220 1568 nunc
229 1524 330 1577 divitibus
339 1538 390 1580 gens
399 1525 547 1580 adneptissima
556 1528 646 1579 nostris,

102 1604 127 1651 Et
136 1614 189 1655 quos
198 1599 303 1655 precipue
313 1598 407 1654 fugiam,
416 1603 535 1656 properabo
544 1602 617 1654 fateri,

103 1676 147 1715 Nec
157 1674 227 1727 pudor
236 1672 335 1714 obstabit.
345 1674 394 1714 Non
403 1688 491 1729 possum
501 1675 567 1729 ferre,
577 1676 682 1733 Quirites,

104 1750 198 1789 Graecam
208 1746 297 1788 urbem:
307 1748 406 1801 quamvis
416 1760 482 1805 quota
491 1751 561 1805 portio
571 1750 627 1793 fecis
636 1752 728 1797 tchaeir

103 1821 151 1861 lem
162 1818 244 1874 pridem
254 1820 317 1876 Syrus
326 1820 349 1862 in
357 1821 453 1864 Tiberim
462 1823 551 1865 delluxit
560 1826 661 1876 Orontes,

104 1896 129 1936 Et
138 1894 244 1950 linguam,
254 1905 275 1937 et
284 1908 364 1946 mores,
375 1906 396 1939 et
405 1911 456 1939 cnm
467 1897 553 1939 tibicine
561 1898 652 1939 chordas

105 1966 216 2022 Obliquas,
226 1981 264 2009 nec
273 1982 317 2010 non
326 1969 412 2024 gentilia
421 1979 523 2027 tympana
532 1984 606 2011 seeum

106 2040 179 2089 Vexit,
189 2051 210 2085 et
218 2042 245 2083 ad
254 2042 339 2085 Circum
345 2042 417 2097 jussas
427 2053 521 2097 prostare
530 2042 619 2099 puellas.

106 2112 148 2169 lte,
156 2112 234 2169 quibus
243 2123 302 2171 grate
311 2123 343 2156 est
351 2113 408 2169 pieta
417 2112 468 2168 lupa
477 2115 568 2168 barbara
576 2114 648 2171 mitre

772 711 781 951 l

772 970 783 1150 t
