1584 2642
60 218 128 271 ege.
279 216 398 255 serim
418 215 474 255 v11.
665 230 694 269 79

59 306 146 347 Vrsrn
156 316 220 359 porro
230 303 291 345 labor
301 303 420 354 fecundior,
428 304 568 345 historiarum

60 376 188 431 Scriptores3
198 375 252 432 petit
261 376 295 417 hic
304 376 353 431 plus
362 376 476 431 temporis,
486 385 549 431 atque
559 375 600 417 olei
609 374 670 431 plus:

59 450 161 503 Namque
171 447 237 489 oblita
246 448 306 489 modi
316 446 431 489 millesimo
439 447 516 503 pagina
525 447 593 503 surgit

60 521 178 571 Omnibus,
188 531 209 563 et
217 521 291 564 crescit
300 521 370 563 multa
378 523 483 564 damnosa
492 536 580 578 papyro.

60 596 93 637 Sic
104 596 178 651 iugens
188 609 260 639 rerum
269 610 373 639 numerus
378 596 454 651 jubet.
464 607 527 652 atque
537 610 627 651 operum
637 597 677 638 lex.

60 669 112 725 Qua
123 678 195 710 tamen
205 668 254 710 inde
263 674 333 723 seges?
343 678 403 711 terrae
412 670 460 723 quis
470 668 553 711 fructus
561 676 651 724 apertat

59 739 112 794 Quis
121 739 181 781 dabit
190 739 301 787 historico.
311 750 419 795 quantum
428 741 489 782 daret
497 750 545 782 acta
553 740 644 794 legenti!

59 812 99 853 Sed
110 824 177 865 genus
186 811 299 865 ignavum,
308 812 367 866 quod
376 811 432 854 lecto
440 812 519 865 gaudet
527 820 549 853 et
558 811 643 851 umbra.

57 958 96 997 Dic
106 956 179 1010 igitur,
188 956 239 1011 quid
249 956 360 998 causidicis
369 955 439 997 civilia
447 964 547 1011 prostent

57 1028 147 1079 Officia,
157 1037 178 1069 et
187 1042 265 1083 magno
275 1029 363 1070 comites
372 1028 395 1068 in
406 1026 461 1069 fasce
471 1026 549 1068 libelli?

56 1102 99 1157 Ipsi
109 1115 190 1157 magna
198 1112 285 1151 sonant,
295 1103 331 1143 sed
342 1111 393 1143 tunc
403 1114 472 1156 quum
482 1100 574 1143 creditor
583 1101 643 1143 audit

56 1174 178 1229 Praecipue:
189 1173 220 1214 vel
229 1174 247 1215 si
257 1174 325 1229 tetigit
334 1174 390 1215 latus
400 1174 469 1215 acrior
478 1173 526 1224 isso,

56 1247 97 1302 Qui
107 1248 166 1289 venit
176 1248 202 1288 ad
213 1238 305 1289 dubium
314 1247 389 1302 grandi
399 1261 449 1289 cum
459 1247 531 1289 codice
541 1261 627 1289 nomeu.

56 1320 118 1362 Tunc
125 1319 232 1361 immensa
242 1319 287 1361 cavi
297 1318 379 1373 spirant
387 1321 500 1362 mendacia
509 1319 581 1369 folles,

8 1428 9 1443 ,
54 1392 230 1447 Conspuiturquc
240 1392 304 1433 sinus.
316 1393 394 1433 Veram
404 1393 533 1447 deprendere
542 1405 633 1433 messem

9 1460 10 1473 続
54 1465 77 1505 Si
87 1464 151 1513 libet,
161 1463 212 1505 hinc
221 1472 308 1505 centum
318 1463 449 1519 patrimonia
457 1464 627 1512 causidicorum.

53 1542 116 1581 Parte
126 1537 168 1579 alia
177 1536 248 1579 solum
258 1537 333 1579 russati
343 1551 400 1592 pone
409 1540 512 1580 Lacernae.

52 1615 181 1655 Corsrorrr
191 1624 268 1653 nuces:
279 1611 347 1667 surgis
357 1622 380 1653 tu
389 1612 482 1667 pallidus
491 1612 554 1668 Aju,

9 1698 10 1717 続
52 1684 156 1727 Dicturus
166 1682 231 1725 dubia
240 1698 279 1739 pro
289 1683 398 1735 libertate,
407 1685 503 1727 Bubulco

52 1762 63 1801 J
66 1759 135 1801 udice.
146 1761 229 1813 Rumpe
238 1758 303 1799 miser
313 1769 398 1801 tensum
404 1758 474 1813 jecur,
484 1768 508 1800 ut
518 1758 557 1800 tibi
566 1757 622 1799 lasso

52 1832 158 1887 Figautur
168 1831 256 1882 virides,
264 1831 371 1873 scalarum
381 1831 460 1887 gioria,
470 1830 554 1886 palmae.

52 1906 117 1963 Quod
127 1905 185 1945 vocis
194 1905 301 1959 pretium?
310 1906 378 1947 siccus
387 1903 551 1960 petasunculus,
561 1914 582 1946 et
591 1918 627 1945 vas

50 1976 199 2027 Pelamidum余
209 1986 347 2027 euticetem,
357 1976 460 2019 Afrorum
469 1975 588 2031 epimenia,
598 1974 668 2025 bulbi余

52 2052 97 2091 Aut
107 2049 183 2089 vinum
192 2048 263 2089 Tiberi
273 2050 396 2099 devectum,
406 2048 502 2103 quinque
510 2045 596 2100 lagena.

54 2121 74 2163 Si
86 2130 165 2175 quater
174 2120 245 2175 egisti,
255 2120 272 2162 si
282 2120 371 2176 contigit
380 2132 458 2161 aureus
468 2132 535 2167 unus,

52 2194 107 2236 Inde
117 2194 199 2235 eadunt
208 2203 278 2248 partes
288 2207 312 2235 er
322 2192 400 2237 foederc
409 2191 599 2249 pragmaticorum.
