1584 2642
97 200 122 229 η
275 191 298 228 D.
317 189 334 226 J.
353 182 544 227 ruvurtltrs
643 195 664 223 v.
679 194 732 235 117.

95 277 135 319 San
144 291 213 334 quum
221 287 322 321 summus
331 273 402 315 honor
411 271 473 314 finito
483 280 594 327 computet
602 284 672 324 auno,

94 350 195 403 Sportula
203 346 255 401 quid
264 343 353 394 referat,
363 352 472 398 quantum
483 344 602 387 rationibus
612 344 689 386 addat:

94 422 148 479 Quid
157 420 235 461 facient
242 418 341 467 comites,
349 418 428 472 quibus
435 417 485 459 hinc
494 428 553 473 toga,
563 417 645 459 calceus
653 417 706 459 hinc
715 427 759 462 est.

92 496 117 535 Et
126 491 187 546 panis
196 490 312 544 fumusque
321 490 393 531 uomit
402 490 531 532 Densissima
538 499 628 532 eeutuur

92 566 225 621 Quadrantes
233 563 307 606 lectica
317 564 380 618 petit,
390 564 529 619 sequiturque
539 564 644 608 maritum

92 640 199 694 Languida
209 638 240 680 vel
250 652 372 693 praegnans,
382 649 404 683 et
412 639 583 682 circumducitur
591 652 652 684 uxor.

92 711 128 753 llic
139 712 191 766 petit
200 711 293 761 absenti,
304 720 355 754 ueta
361 711 411 767 jam
420 712 509 755 callidus
518 722 574 762 arte,

91 786 207 827 Ostendens
217 798 306 827 vacuam
317 796 337 829 et
347 787 442 829 clausam
452 801 492 842 pru
500 788 592 843 conjuge
601 784 683 830 sellum.

92 858 150 901 Galla
160 874 207 901 mea
216 868 259 910 est,
268 859 348 915 iuquit;
359 861 423 904 eitius
432 861 528 903 dimitte:
539 860 643 903 moraris?

93 954 118 963 ·-
126 932 205 985 Profer,
213 932 284 985 Gallu,
294 944 364 989 eaput.
376 958 402 967 -
410 934 460 976 Noli
469 949 555 986 vexare,
564 933 661 989 quierit

91 1078 136 1119 lrsr
145 1078 189 1119 dies
199 1077 289 1132 pulchro
299 1077 440 1134 dietinguitur
450 1078 524 1119 ordine
534 1091 621 1119 rerum:

91 1150 200 1206 Sportula,
210 1152 286 1193 deiude
296 1154 386 1203 Forum,
394 1152 493 1207 jurisque
503 1150 584 1205 peritus
594 1148 681 1204 Apollo,

91 1225 158 1278 Atque
168 1222 319 1279 triumphales,
329 1224 385 1265 iuter
394 1235 447 1277 quea
456 1236 521 1263 ausus
530 1220 610 1266 hahere

91 1295 167 1337 Nescio
176 1296 224 1350 quis
235 1295 307 1338 titulos
317 1294 425 1351 amptius
434 1302 498 1348 atque
507 1293 648 1345 Ardiarrhee,

90 1368 157 1424 eujus
166 1370 194 1411 ad
203 1368 296 1424 effigiem
306 1382 351 1413 uon
360 1376 446 1409 tuntum
457 1366 536 1421 mejere
545 1366 578 1410 fas
586 1346 624 1409 eit.

91 1441 206 1483 Vestibulis
216 1442 297 1483 abeunt
306 1449 386 1501 vetereq
394 1438 486 1495 lassique
494 1439 592 1491 clientes,

91 1514 189 1569 Votaque
198 1515 320 1569 deponunt,
330 1526 465 1567 quamquam
474 1512 608 1569 longissima,
618 1526 689 1557 ιω.

90 1587 141 1640 Spes
151 1584 244 1626 homini!
254 1585 326 1627 cuules
335 1585 418 1627 miseris
426 1595 491 1641 atque
499 1586 554 1640 iguis
564 1586 674 1629 emendus.

91 1657 176 1712 Optima
186 1657 294 1713 sylvarum
303 1656 383 1699 interea
392 1656 502 1713 pelagique
511 1656 595 1700 rorabit

90 1733 133 1773 ilex
142 1732 233 1782 horum,
242 1731 357 1786 vacuisque
367 1732 419 1774 turis
428 1741 514 1774 tautum
522 1731 567 1786 ipse
573 1730 664 1786 jacebit;

90 1806 147 1847 Nam
157 1806 183 1847 de
193 1815 226 1848 tot
235 1805 329 1861 pulchris
339 1817 361 1848 et
369 1805 417 1848 latis
427 1806 527 1857 orbibus,
536 1815 558 1848 et
568 1814 613 1847 taur

90 1878 199 1933 Antiquis,
209 1892 253 1919 una
262 1880 378 1921 comedunt
387 1878 518 1934 patrimonia
526 1891 608 1922 mensa.

90 1950 168 1994 Nullus
174 1949 222 2005 jam
232 1951 338 2005 parasitus
347 1950 398 1993 erit!
408 1951 448 1996 Sed
456 1948 504 2004 quis
514 1948 568 1991 feret
575 1948 626 1993 isus

91 2021 187 2063 Luxuriae
197 2024 279 2067 sordes]
289 2026 375 2078 Quanta
384 2030 415 2063 est
424 2019 485 2075 gula,
494 2007 542 2075 quie
551 2020 592 2063 sibi
602 2028 657 2066 totus

91 2094 152 2137 Ponit
161 2109 234 2151 apros,
244 2096 325 2140 animal
335 2103 423 2153 propter
431 2094 528 2139 convivia
537 2095 625 2140 uatum!
