1584 2642
27 254 52 283 v.
65 256 116 284 etr.
259 240 378 283 Slelld
396 242 445 282 lIl.
642 244 666 285 tr

33 332 132 374 Persicus
142 331 245 373 orborum
256 330 400 381 lautissimus,
409 339 434 371 nt
443 330 520 372 merito
526 328 575 386 jem

36 406 165 459 Suspectus,
176 413 280 457 tanquam
290 402 333 457 ipse
343 416 392 445 suas
401 401 519 445 incenderit
527 402 588 445 edes.

35 549 57 589 Sr
66 556 127 602 potes
137 545 199 588 avelli
207 545 352 595 Circensibus,
362 545 445 600 optime
454 545 510 586 Sorae

35 624 77 662 Aut
86 619 213 661 Fabrateriae
223 619 313 668 domus,
323 628 361 660 aut
369 618 488 660 Frusinone
498 628 593 674 paratur,

39 690 118 749 Quanti
128 704 188 733 nunc
199 690 296 733 tenebras
306 703 376 731 unum
385 690 487 732 conducis
496 690 518 731 in
529 704 618 732 annum.

38 765 139 809 llortulus
148 764 195 813 hic,
204 773 324 819 puteusque
334 763 414 813 brevis,
424 776 463 805 nec
473 772 527 805 reete
538 762 668 813 movendus,

38 842 62 881 ln
73 850 148 881 tenues
157 837 242 893 plantas
251 836 308 879 facili
318 832 451 889 diffunditur
459 836 544 877 haustu.

42 912 92 952 Vive
102 909 194 952 bidentis
203 922 289 958 amans,
300 918 321 951 et
330 907 382 949 culti
391 907 474 948 villicus
483 905 552 956 boui,

41 984 100 1026 Unde
110 982 200 1039 epulum
211 982 278 1037 possis
288 992 375 1023 centum
386 978 437 1021 dare
446 979 587 1036 pythagoreis.

39 1058 74 1097 Est
84 1054 177 1111 aliquid,
187 1068 324 1110 quocumque
333 1053 392 1105 loco,
402 1066 540 1108 quocumque
550 1067 643 1105 recessu,

38 1130 106 1171 Unius
115 1142 160 1171 sese
170 1126 284 1170 dominum
295 1124 367 1168 iecisse
377 1126 466 1168 lacertae.

67 1201 176 1244 Plurimus
186 1200 221 1242 hic
230 1213 284 1255 teger
294 1201 387 1242 moritur
393 1200 513 1255 'vigilaudm
523 1200 632 1244 sedilium

43 1277 178 1328 languorem
188 1271 271 1327 peperit
280 1271 340 1313 cibus
350 1271 499 1326 imperfectus,
510 1282 531 1314 et
541 1272 623 1315 herens

40 1346 126 1390 Ardenti
137 1346 261 1388 stomacho:
272 1359 323 1387 nam
333 1358 380 1399 qun
390 1345 500 1387 meritoria
509 1359 611 1388 somnum

41 1421 175 1479 Admittunt?
186 1420 268 1475 magnis
278 1419 354 1474 opibus
364 1419 472 1461 dormitur
482 1420 504 1461 in
514 1420 575 1461 urhe.

42 1495 93 1536 lnde
102 1502 167 1548 ceput
177 1491 260 1533 morbi:
271 1491 387 1533 rhedarum
400 1490 502 1533 transitus
511 1500 570 1533 arcto

43 1567 145 1607 Virorum
155 1565 177 1607 in
187 1563 254 1614 flexu,
264 1573 284 1606 et
293 1564 368 1605 stantis
379 1564 477 1605 convicia
486 1565 581 1607 mandre

43 1637 135 1692 Eripient
144 1648 246 1678 somnum
256 1637 334 1682 Druso,
345 1635 459 1691 vitulisque
469 1635 565 1677 marinis.

44 1712 64 1753 Si
74 1720 134 1753 vocat
144 1708 253 1759 officium,
264 1709 326 1751 turba
335 1710 434 1760 cedente,
444 1710 533 1751 vehetur

45 1784 114 1835 Dives,
123 1794 145 1826 et
153 1780 233 1839 ingenti
243 1792 313 1825 curret
321 1797 386 1838 super
394 1797 432 1825 orn
440 1784 545 1832 Liburno,

46 1858 112 1911 Atque
121 1856 191 1898 obiter
200 1854 254 1909 leget
263 1865 301 1897 aut
309 1857 398 1905 scribet,
408 1855 440 1897 vel
449 1854 542 1897 dormiet
551 1854 616 1898 intus.

47 1930 145 1985 Namque
156 1924 206 1970 iecit
215 1940 317 1969 somnum
326 1927 399 1969 clausa
407 1927 481 1968 lectica
491 1924 588 1968 fenestre.

48 2003 98 2043 lnte
110 2010 181 2043 temen
191 1999 272 2043 veniet:
281 1999 343 2041 nobis
352 1999 516 2054 properantibus
524 1998 595 2040 obstet

49 2074 108 2115 Unda
117 2072 186 2127 prior3
197 2085 275 2127 magno
284 2071 377 2128 populus
386 2070 465 2125 premit
474 2069 559 2125 agmine
567 2068 654 2112 lumbos

51 2144 89 2202 Qui
99 2143 207 2198 aequitum
217 2142 266 2185 ierit
275 2140 310 2184 hic
319 2142 405 2192 cubito,
415 2140 464 2183 lerit
472 2154 541 2182 assere
549 2141 604 2182 duro

50 2214 114 2265 iiten
124 2213 190 2256 ethic
200 2214 284 2269 tignum
294 2211 357 2269 capiti
367 2212 456 2263 incutit,
465 2212 500 2255 ille
510 2221 627 2255 metretum.
