1584 2642
97 222 125 276 „a
277 224 301 265 u.
318 224 336 264 r.
354 218 546 272 Jurruatrs

98 350 725 376 ΝΜΊΜΜΛΜῚΜΜΜΝἉΜΜΛἿἎ

302 452 453 504 SATIRA
470 452 520 502 lx.

278 582 367 624 rrum
385 581 424 623 ar
441 578 590 622 rtrnrcr.

98 696 161 737 Seru
169 693 244 746 velim,
254 708 320 751 quare
330 695 392 738 toties
401 694 466 745 mihi,
475 691 571 743 Neruio,
581 691 646 734 tristis

98 768 215 820 obeuntes,
225 768 296 813 fronte
306 770 411 820 obducta,
418 781 457 810 eeu
466 769 550 824 Marsya
558 766 633 808 rietus.

98 842 154 898 Quid
165 842 203 885 tibi
213 856 264 885 cum
273 842 335 887 vultu
344 842 430 899 qualem
440 842 556 897 deprensus
565 840 658 881 habebat

98 914 186 971 Rauola,
196 917 250 958 dum
258 917 370 972 Rhodopes
379 917 423 958 uda
430 913 480 957 terit
488 913 576 969 inguina
584 913 664 955 barba?

98 988 142 1030 Nos
153 988 268 1044 colaphum
278 990 396 1033 incutimus
406 988 510 1031 lambenti
519 986 615 1029 crustula
623 999 691 1028 servo.

99 1059 149 1100 Non
158 1068 203 1120 erat
212 1059 252 1101 hac
262 1060 315 1103 facie
324 1060 467 1102 miserabilior
475 1058 598 1115 Crepereius

99 1131 176 1182 Pollio,
186 1133 223 1188 qui
233 1134 339 1189 triplicem
349 1147 438 1175 usurum
447 1142 547 1189 praestare
556 1142 643 1188 paratus

99 1205 189 1257 Circuit,
199 1215 220 1247 et
229 1203 300 1247 fatuos
310 1219 354 1247 nou
363 1206 451 1247 invenit.
460 1206 521 1248 Unde
530 1216 615 1262 repente

99 1279 140 1321 Tot
148 1282 217 1334 rugari
226 1278 286 1320 Certe
296 1276 381 1319 modico
393 1286 506 1320 contentus
516 1280 593 1335 agebas

100 1351 197 1393 Vernam
207 1350 312 1406 equitem,
323 1350 411 1393 conviva
416 1350 468 1407 joco
477 1353 590 1394 mordente
599 1350 694 1403 facetus,

100 1424 126 1465 Et
135 1423 215 1465 salibus
224 1422 337 1465 vehemens
346 1422 403 1465 iutra
411 1424 514 1479 pomoeriu
524 1424 587 1466 natis.

99 1494 176 1537 Omnia
184 1508 242 1536 nunc
252 1504 327 1537 contra
335 1510 340 1535 :
349 1494 422 1538 vultus
431 1495 510 1551 gravis,
520 1495 607 1537 horrida
616 1494 677 1538 sieeoe

99 1566 161 1623 Sylva
169 1580 236 1609 comae
244 1600 250 1618 ‚
259 1566 333 1609 nullus
343 1576 387 1611 tota
396 1569 454 1611 nitor
462 1569 485 1609 in
495 1578 555 1622 cute,
565 1568 652 1624 qualem

100 1639 182 1682 Bruttia
190 1641 304 1695 prestabat
313 1640 375 1683 calidi
386 1642 425 1684 tibi
434 1641 500 1684 fascia
509 1642 572 1693 visci;

99 1713 139 1755 Sed
148 1711 262 1757 fruticante
271 1714 314 1770 pilo
324 1715 419 1771 neglecta
429 1725 449 1758 et
458 1715 556 1771 squalida
565 1728 634 1756 crura.

98 1784 156 1844 Quid
164 1786 242 1828 macies
251 1786 300 1842 aegri
309 1787 395 1838 veteris,
406 1801 472 1843 quem
483 1796 579 1842 tempore
588 1786 652 1841 longo

97 1859 174 1903 Torret
183 1870 259 1915 quarta
268 1862 323 1915 dieo,
333 1862 428 1918 olimque
438 1861 555 1905 domestica
564 1860 644 1902 febris?

98 1932 218 1989 Depreudas
227 1933 294 1977 animi
306 1945 413 1977 tormenta
421 1934 506 1976 latentis
515 1934 537 1975 in
547 1946 603 1988 aegro

98 2006 202 2060 Corpore;
212 2007 329 2062 deprendas
339 2018 360 2050 et
369 2008 459 2064 gaudia:
471 2007 538 2062 sumit
547 2016 664 2061 utrumque

13 2126 15 2141 Ι
96 2078 149 2120 lude
157 2079 256 2124 habitum
267 2081 336 2125 iacies.
346 2083 414 2137 lgitur
424 2081 504 2123 flexisse
513 2081 591 2123 rideris

98 2150 244 2205 Propositum,
255 2164 277 2196 et
285 2154 331 2196 vite
340 2152 460 2195 contrarius
469 2153 499 2194 ire
508 2153 581 2208 priori.

97 2222 172 2280 Nuper
178 2226 246 2277 euim,
257 2238 281 2269 ut
289 2234 372 2279 repeto,
381 2224 458 2267 fanum
465 2225 537 2278 Isidis,
545 2234 566 2268 et
573 2225 722 2282 Ganymedem
731 2259 737 2270 .
