1584 2642
128 277 167 318 ²6²
305 273 328 313 n.
347 271 364 312 l.
382 262 581 312 JIJVENALISv
654 269 760 311 'v'.150.

92 356 94 362 '
125 362 219 406 Afieetns
228 370 299 417 petere
308 359 412 402 auxilium
422 370 443 402 et
452 369 549 415 prestare
556 358 657 414 juberet,
781 393 789 432 ε

126 435 233 490 Dispersos
242 433 324 476 trahere
333 433 355 474 in
365 432 483 487 populum,
494 429 584 486 migrare
594 440 679 473 vetusto
783 446 789 492 p

125 508 154 548 De
163 518 262 555 nemore,
272 513 292 546 et
300 503 384 560 proavis
393 502 500 544 habitatas
510 502 605 557 linquere
615 501 697 558 sylvam

125 578 233 621 AEdilicare
241 579 328 626 domos,
338 577 426 618 Laribus
436 575 565 632 conjungere
574 575 654 618 nostris
728 576 730 579 ’

125 652 215 692 Tectum
224 650 293 700 aliud;
304 658 361 691 tutos
370 649 439 690 ricino
449 648 523 690 limine
531 661 619 690 somnos

124 724 151 764 Ut
160 721 237 764 collata
245 722 305 763 daret
314 720 403 770 fiducia,
413 728 521 775 protegere
531 718 597 760 armis

125 795 228 849 lapsum,
239 802 276 836 aut
285 791 365 848 ingenti
374 799 487 832 nutantem
497 791 585 832 vulnere
593 791 674 844 civem3

124 865 241 908 Communi
250 866 300 908 dare
309 863 369 919 signa
378 863 442 914 tuba,
453 861 562 903 defendier
569 862 639 904 isdem

124 937 239 988 Turribus,
248 946 312 992 atque
321 949 365 978 una
372 944 484 990 portarum
493 933 550 976 clare
558 933 633 976 teneri
687 928 688 931 ’

123 1083 164 1122 Srn
170 1078 218 1135 jam
229 1089 353 1135 serpentum
362 1079 434 1135 major
442 1080 568 1122 concordie:
578 1079 648 1135 parcit

124 1151 223 1206 Cognuis
232 1150 321 1192 maculis
330 1151 404 1192 similis
414 1149 465 1193 fera.
478 1152 569 1208 Quando
578 1149 635 1192 leoni

121 1222 205 1264 Fortior
214 1221 292 1277 eripuit
303 1222 369 1263 vitam
378 1221 423 1263 leot
432 1236 475 1276 quo
485 1235 573 1264 nemone
582 1235 682 1279 unquam
705 1245 708 1252 ·

122 1295 240 1351 Exspiravit
247 1309 297 1350 aper
305 1295 394 1350 majoris
403 1296 503 1339 dentibus
512 1297 571 1351 epril
654 1305 656 1308 '

121 1369 194 1411 indica
204 1369 262 1426 tigris
271 1369 314 1423 agit
323 1369 397 1411 rabidn
406 1383 456 1412 cum
465 1371 540 1426 tigride
549 1385 630 1426 pacem*

121 1434 260 1498 Perpetuam:
270 1441 328 1483 saevis
338 1440 394 1483 inter
402 1455 424 1484 se
434 1443 532 1486 convenit
542 1445 602 1486 ursis.

121 1515 158 1555 Ast
167 1512 250 1554 homini
259 1511 341 1555 terrum
351 1512 413 1555 letale
422 1513 499 1556 incude
509 1514 602 1558 nefiinda
630 1519 632 1524 '

121 1584 244 1627 Procudisse
251 1597 330 1640 pamm
339 1593 381 1635 est;
391 1577 460 1639 quum
470 1595 537 1628 rastra
547 1596 568 1628 et
576 1587 661 1630 sarcula
670 1597 764 1634 tantuna

120 1656 203 1698 Assueti
212 1670 313 1712 coquere,
322 1665 343 1698 et
352 1657 430 1699 marris
438 1671 463 1698 ac
473 1670 558 1700 vomere
567 1659 615 1701 lassi

121 1731 239 1774 Nescierint
247 1731 312 1787 primi
321 1730 402 1787 gladios
412 1733 513 1775 excudere
523 1731 586 1775 fubri.

121 1803 254 1858 Adspieirnus
262 1803 365 1859 populos,
373 1817 469 1858 quorum
477 1817 521 1846 non
530 1803 611 1848 suflicit
619 1805 655 1848 ira

120 1874 225 1917 occidisse
234 1874 338 1930 aliquem
347 1877 383 1920 sed
392 1887 489 1932 pectora,
499 1878 597 1930 brachia,
606 1879 693 1922 vultum

121 1945 253 1991 crediderint
261 1961 327 2002 genus
337 1962 381 1990 esse
389 1949 438 1990 cibi.
448 1950 504 2006 Quid
513 1951 592 1994 diceret
601 1964 662 2008 ergo‚

121 2018 159 2059 vel
169 2033 212 2073 qno
222 2034 265 2062 non
275 2019 369 2076 fugeret,
380 2023 398 2064 si
408 2037 466 2065 nuuc
475 2025 520 2067 haec
529 2036 625 2069 monstra
635 2027 719 2073 videret

120 2089 258 2146 Primores,
268 2095 351 2136 cunctis
359 2096 489 2140 animalibus
498 2100 602 2143 abstinuit
611 2102 650 2156 qui

125 2162 237 2218 willam
243 2165 337 2219 hmine,
344 2170 440 2215 etrentri
446 2171 536 2218 indulsit
542 2187 587 2220 uon
593 2189 658 2222 omne
666 2176 782 2234 legumen]
