1584 2642
113 237 140 277 86
291 238 315 278 D.
329 234 350 277 J.
368 237 559 278 invertitis
676 250 746 280 mr.

112 326 206 376 Pronus,
216 325 248 367 rel
256 328 343 376 Cossus,
353 324 385 367 vel
393 326 474 367 llrusus
483 325 581 367 moribus
589 334 648 369 esto:

113 400 155 439 llos
164 408 213 440 ante
222 398 302 453 efligies
312 396 421 453 majorum
431 411 487 453 pone
497 408 600 440 tuorum:

114 471 234 513 Praecedant
242 471 299 525 ipsas
308 470 338 512 illi
349 480 369 512 te
378 470 466 513 consule
475 471 550 526 virgas.

112 544 181 585 Prima
192 543 245 585 mihi
255 544 318 586 debes
327 544 394 585 animi
404 545 468 586 bons.
477 546 567 585 Sanctus
576 542 664 594 haberi,

114 617 246 672 lustitiaeque
256 628 317 660 tenax
327 617 388 660 factis
398 617 500 672 dictisque
510 616 610 658 mereris?

114 693 210 746 Agnosco
220 706 336 748 procerem.
345 692 415 744 Salve,
424 691 529 742 Getulice‚
538 704 576 732 sen
585 700 610 732 tu

114 764 208 815 Silanus.
218 779 355 822 quocumque
364 765 406 807 alio
415 765 441 805 de
450 764 552 819 sanguine
561 776 623 805 rarus

115 836 170 879 civis
180 846 200 879 et
209 838 304 894 egregius
313 839 386 894 patrie
396 836 500 891 contingis
509 834 588 877 ovanti.

117 911 239 953 Exclamare
250 912 301 954 libet
310 911 403 967 populus
411 909 469 965 quod
479 907 569 958 clamat,
578 906 632 948 Osiri

114 984 212 1025 Invento.
222 985 273 1039 Quis
282 984 341 1026 enim
350 996 477 1039 generosum
486 980 562 1023 dixerit
570 980 640 1031 hunc,
649 980 689 1035 qni

115 1054 218 1108 Indignus
228 1068 313 1109 genere,
324 1064 345 1097 et
353 1054 455 1109 praeclnro
463 1052 552 1095 nominc
560 1062 649 1094 mutum

116 1125 216 1181 insignis!
227 1128 314 1167 Nanum
324 1126 438 1181 cujusdam
447 1125 531 1167 Atlanta
540 1138 653 1175 vocamus;

116 1197 235 1252 AEthiopem
244 1210 347 1253 cycnum5
356 1210 445 1251 parvam
454 1206 602 1252 extortamque
611 1195 721 1252 puellam,

117 1272 223 1325 Europen.
232 1268 324 1310 Canibus
334 1267 400 1323 pigris
408 1267 520 1322 scabicque
530 1277 613 1310 vetusta

117 1344 223 1392 Levibus,
232 1351 254 1383 et
264 1342 322 1383 siccae
331 1340 477 1383 lambentibus
486 1355 525 1383 ora
533 1341 635 1392 lucernis,

119 1420 205 1459 Nomen
214 1416 254 1457 erit
262 1415 353 1471 pardus,
364 1414 433 1469 tigris,
442 1414 486 1465 leo,
496 1415 514 1456 si
523 1416 576 1469 quid
585 1416 657 1457 adhuc
666 1425 699 1458 est

785 963 792 988 l

119 1492 182 1548 Quod
191 1490 270 1531 fremat
279 1489 301 1531 in
312 1488 372 1531 terris
380 1489 499 1532 violentius.
509 1492 563 1544 Engo
572 1490 666 1540 cavebis,

118 1568 145 1609 Et
154 1574 246 1615 metues,
257 1576 283 1605 ne
293 1572 318 1606 tu
326 1563 356 1605 sic
364 1562 458 1606 Creticus
467 1573 506 1605 nut
513 1563 645 1605 Camerinus.
722 1588 725 1592 ·

119 1714 155 1755 llis
166 1726 204 1769 eqo
213 1725 278 1767 quem
287 1711 375 1753 monuit
384 1720 456 1753 tecum
465 1721 497 1753 est
506 1701 559 1752 milli
568 1722 650 1759 sermo,
658 1709 749 1753 Rubelli

119 1785 198 1828 Plnute.
207 1786 285 1826 Tumes
294 1784 337 1826 alto
345 1785 464 1825 Drusorum
473 1781 587 1837 sanguine,
596 1791 704 1835 tanquam

118 1859 198 1901 Feceris
207 1859 251 1913 ipse
258 1858 338 1913 aliquid
346 1867 434 1913 propter
442 1858 501 1912 quod
509 1855 587 1897 nobilis
595 1868 661 1905 esses;

118 1934 146 1973 Ut
154 1941 175 1973 te
185 1930 315 1985 conciperet,
324 1944 371 1985 que
381 1929 484 1984 sanguine
493 1926 561 1981 fulget
570 1926 622 1976 Iuli,

118 2006 167 2046 Non
177 2018 224 2059 qum
233 2013 319 2045 ventoso
329 2002 436 2044 conducta
444 2001 485 2042 suh
493 2013 569 2055 aggere
579 1999 636 2042 texit.

119 2078 162 2118 Vos
171 2075 273 2125 humiles,
282 2073 364 2128 inquis,
373 2071 431 2125 vulgi
440 2084 489 2125 pars
498 2070 575 2113 ultima
583 2071 661 2121 nostri,

118 2150 217 2203 Quorum
226 2160 290 2188 nemo
299 2154 363 2199 quent
372 2143 465 2197 patriam
475 2154 595 2187 monstrare
603 2144 710 2199 parentis:

121 2221 155 2263 Ast
163 2233 202 2276 eqo
211 2216 341 2272 Cecropides.
351 2215 426 2268 Vives,
435 2223 457 2257 et
464 2214 551 2270 originis
560 2214 625 2271 hujus
673 2219 675 2224 '
