1584 2642
8 5 33 10 -v
43 3 168 13 --q-m—
178 3 290 26 T‘**”'5
312 5 321 8 -
333 3 655 11 -----------—-r------
665 5 678 7 v-
703 5 712 7 „

52 261 71 287 v.
86 247 137 288 2²8.
266 249 387 293 samu
405 251 480 295 XIII.
650 259 684 310 ¹4¹

54 346 157 388 Proxima
167 356 291 402 tempestas,
301 349 358 391 velut
367 349 408 391 hoo
418 333 483 394 dilata
492 365 573 394 sereno.

53 420 170 467 Praeterea,
179 419 250 461 lateris
260 420 316 474 vigili
325 435 377 463 curn
387 421 446 464 febre
455 423 552 465 dolorem

54 489 74 529 si
85 503 169 544 empore
177 491 232 544 pati,
243 491 333 533 missum
343 494 418 535 adsue
427 509 517 550 corpora
526 498 629 539 morbum

53 563 135 605 infesto
145 566 235 606 eredunt
244 579 257 606 u
265 567 367 616 numiue;
376 582 427 609 sara
436 570 527 612 deorum

55 638 102 678 llaee
111 647 133 678 et
143 637 184 679 teia
193 648 277 692 putant.
288 642 391 682 Pecudem
401 644 505 696 spondere
515 643 593 686 sacello

54 710 177 759 balantem,
186 719 208 752 et
215 712 303 754 Laribus
313 714 400 755 cristam
410 715 534 769 promittere
544 715 593 771 galli

55 784 104 823 Non
113 783 201 823 audent.
211 783 266 839 Quid
276 784 334 825 enim
343 799 427 840 sperare
437 786 564 827 nocentibus
574 788 635 842 aegris

54 858 196 899 Concessum?
205 857 237 899 vel
246 872 294 913 quae
303 872 348 901 nou
357 859 441 914 dignior
449 860 519 902 hostia
528 859 583 902 vitat

57 1005 146 1045 Moerus
155 1013 177 1045 et
185 1004 243 1046 varia
252 1016 284 1046 est
292 1004 361 1046 ferme
370 1014 449 1046 natura
459 1004 574 1048 malorum.

56 1079 129 1133 Quum
138 1078 207 1120 scelus
216 1079 345 1129 admittunt,
355 1089 451 1135 superest
460 1082 580 1123 constantia
589 1096 593 1121 :
603 1083 655 1137 quid
665 1082 696 1125 fas

57 1152 124 1205 atque
132 1149 204 1201 nefas,
214 1152 301 1192 tandem
311 1151 417 1206 incipiunt
425 1151 514 1201 sentire,
524 1153 614 1208 peractis

55 1223 193 1266 Criminibus.
203 1226 284 1266 Tamen
293 1225 320 1266 ad
330 1238 401 1266 mores
410 1235 487 1268 natura
497 1227 587 1269 recurrit

55 1301 184 1349 Damnatos,
194 1297 236 1340 fixa
245 1308 266 1340 et
275 1299 355 1340 mutari
365 1299 442 1341 nescia.
452 1301 508 1342 Nam
518 1301 566 1355 quis

55 1373 157 1415 Peccandi
168 1371 234 1413 finem
244 1372 316 1427 posuit
324 1373 377 1414 sibit
385 1375 472 1428 quando
481 1374 560 1429 recepit

55 1445 153 1501 Ejectum
163 1444 230 1487 semel
239 1445 311 1487 attrita
320 1447 346 1486 de
356 1444 427 1488 fronte
437 1449 552 1489 ruborem?

57 1519 162 1576 Quisnam
169 1518 285 1561 bominum
292 1528 323 1561 est
330 1552 335 1570 ,
341 1533 407 1574 quem
415 1530 440 1562 tu
446 1531 574 1564 contentum
581 1521 657 1562 videris
665 1534 710 1562 uno

55 1591 157 1648 flagitio!
168 1590 230 1633 Dabit
238 1591 261 1632 in
270 1590 372 1646 laqueum
381 1591 469 1648 vestigia
478 1602 550 1635 noster

54 1662 164 1711 Perfidus,
173 1671 195 1704 et
202 1662 257 1718 nigri
266 1662 360 1718 patietur
368 1663 457 1705 carceris
467 1677 560 1713 uncum,

55 1740 98 1780 but
107 1736 175 1778 maris
184 1736 244 1791 agai
254 1749 341 1792 rupem,
350 1736 490 1792 scopulosque
500 1735 621 1791 frequentes

56 1809 171 1854 Exsulibus
181 1809 271 1864 magnis.
280 1811 342 1852 Prona
351 1809 452 1865 gaudebis
462 1822 536 1850 amara

9 1910 10 1929 1
55 1882 158 1924 Nominis
167 1881 240 1932 invisi,
250 1883 379 1938 tandemque
388 1882 481 1924 fatebere
491 1882 551 1925 iaetus

56 1957 100 1999 Neo
109 1957 205 1999 surdum
213 1969 252 1998 neo
261 1955 363 1999 Tiresiam
372 1969 505 2012 quemquam
514 1945 557 1998 esse
566 1955 662 1998 deorum.
