1584 2642
41 260 107 290 mr.
271 248 390 289 Sdled
408 247 435 289 X.
628 252 666 292 rod

40 335 65 377 Et
74 344 139 378 motae
148 334 175 377 ad
184 334 258 377 lunam
268 332 381 389 trepidabis
390 333 501 377 arundinis
510 335 621 379 umbram:

42 409 145 452 Cantebit
152 422 232 452 vacuus
241 422 314 451 coram
324 408 407 451 latrone
414 409 489 451 viator.

42 558 112 597 Parus
123 554 167 597 fere
176 564 236 605 vota,
245 564 266 599 et
275 555 357 597 eunetis
365 555 476 597 notissima
485 556 580 613 templis,

41 628 122 671 Divitiae
133 638 158 671 ut
166 638 273 680 crescant,
282 638 308 671 ut
317 642 377 683 opes,
387 638 412 671 ut
421 630 515 672 maxima
524 641 570 674 toto

42 703 122 743 Nostra
131 702 158 745 sit
167 716 216 744 aren
226 702 279 744 loro.
289 703 329 744 Sed
340 702 400 745 nulla
409 705 492 746 aoouita
501 705 605 748 bibuntur

41 774 165 817 Fictilibus:
175 782 227 816 tune
236 774 272 816 illa
283 774 345 826 time,
354 789 424 830 quum
433 776 510 830 poeula
518 789 590 818 sumes

42 847 167 896 Geminam,
177 854 198 887 et
207 844 250 887 lato
259 844 355 887 Setinum
365 846 448 887 ardebit
456 846 478 887 in
487 860 548 887 auro.

42 918 119 958 Jamne
129 916 196 972 igitur
204 916 291 967 laudas,
300 917 359 971 quod
368 917 394 958 de
403 916 534 971 sapientibus
543 917 596 960 alter

44 990 144 1041 Ridebat,
154 989 238 1044 quoties
247 989 273 1031 de
282 989 356 1030 limine
366 999 462 1030 moverat
471 1003 541 1031 unum

42 1061 205 1116 Protuleratque
213 1060 301 1116 pedern,
311 1060 376 1103 llehat
385 1060 505 1103 statuarius
513 1060 579 1105 altert

42 1138 82 1179 Sed
91 1135 161 1178 facilis
170 1134 236 1178 cnivis
245 1134 307 1190 rigidi
316 1148 406 1177 censura
414 1134 512 1177 cachinni
521 1152 527 1176 ε

42 1209 168 1252 Mirandum
176 1216 220 1258 est,
229 1208 286 1249 unde
296 1206 330 1248 ille
338 1206 407 1249 oeulis
415 1206 525 1251 suffecerit
534 1208 620 1253 humor.

42 1284 147 1339 Perpetuo
157 1281 201 1323 risu
211 1280 337 1337 pulmonem
346 1280 427 1336 agitare
435 1281 518 1325 solebat

43 1357 189 1407 Democritus,
198 1368 324 1411 quanquam
333 1368 378 1397 non
386 1366 455 1397 essent
464 1356 555 1399 urbibus
563 1356 604 1402 illis

43 1431 145 1471 Pretexta
155 1437 177 1470 et
186 1428 274 1477 trabeae,
285 1426 362 1478 lasoes,
372 1426 457 1478 lection,
467 1428 568 1471 tribunal.

43 1504 111 1563 Quid,
121 1503 139 1544 si
148 1502 234 1544 vidisset
242 1510 355 1557 pretorem
364 1501 387 1542 in
396 1502 496 1545 curribus
504 1503 552 1545 altis

44 1579 179 1626 Exeuntem,
188 1585 210 1617 et
219 1575 290 1617 medio
299 1574 415 1618 sublimem
424 1576 447 1618 in
457 1578 543 1632 pulvere
551 1578 601 1620 circi

41 1654 69 1693 ln
78 1651 151 1694 remica
160 1649 228 1699 lovis,
237 1659 258 1692 et
267 1648 328 1705 pieta
336 1652 427 1693 Sarrana
435 1650 539 1693 ferentem

42 1726 73 1768 Ex
81 1723 179 1767 humeris
187 1724 255 1765 aulaea
264 1732 329 1778 toga,
338 1737 463 1780 magnaque
471 1736 564 1769 corone.

43 1800 141 1841 Tantum
150 1796 237 1847 orbem,
247 1806 329 1851 quanto
338 1798 407 1839 cervix
415 1809 460 1838 non
469 1796 550 1839 suflicit
559 1796 615 1839 ulla!

43 1870 129 1929 Quippe
139 1879 196 1912 tenet
205 1870 284 1911 sudans
293 1869 349 1911 hane
357 1868 466 1924 publicus,
477 1876 499 1909 et
506 1868 547 1910 sibi
554 1871 632 1911 consul

43 1948 76 1989 Ne
85 1944 181 2002 placeat,
190 1956 256 1986 curru
264 1956 336 1986 servus
345 1952 444 1999 portatur
452 1924 534 1985 eo‘dem.

43 2022 75 2064 Da
84 2032 144 2062 nune
153 2027 176 2060 et
184 2016 294 2060 volucrem
303 2026 385 2073 seeptro
393 2030 441 2072 quse
450 2016 517 2070 surgit
525 2016 618 2066 eburno,

42 2093 103 2136 illine
113 2089 243 2143 cornicines,
252 2089 302 2133 hine
311 2088 450 2145 prrecedentia
459 2088 515 2143 longi

43 2164 141 2223 luminis
150 2160 234 2213 officia,
243 2172 265 2205 et
273 2164 345 2207 niveos
354 2164 382 2206 ad
390 2163 451 2205 frena
459 2161 562 2220 Quirites,

43 2238 131 2281 Delma
140 2236 164 2277 in
173 2234 247 2278 loculis
256 2248 310 2291 quos
319 2235 415 2291 sportula
423 2233 473 2279 tecit
481 2234 568 2277 amieos
