1584 2642
59 226 143 265 v.12⁵.
293 223 413 267 stultia
431 224 458 266 X.
653 238 678 268 ro

59 312 131 365 Quam
141 319 173 361 te,
182 309 313 367 conspicue,
324 310 396 354 divina
404 311 531 368 Philippica,
541 311 615 364 famae,

58 382 156 424 Volveris
166 396 178 425 a
189 382 258 439 prima
268 396 315 438 quae
324 383 428 439 proxima.
438 386 508 427 Surus
516 396 539 427 et
547 385 610 428 illum

59 457 131 499 Exitus
143 456 232 513 eripuit,
246 470 312 513 quem
321 456 459 502 mirabantur
465 460 552 503 tthena

58 532 195 582 Torrentem,
205 541 226 574 et
235 531 291 589 pleni
302 533 450 577 moderantem
458 534 520 577 frena
530 535 615 578 theatri.

59 605 93 645 llis
102 603 138 645 ille
148 604 239 646 adversis
249 605 332 660 genitus
342 604 431 661 fatoque
440 606 538 659 sinistro,

58 680 128 735 Quem
137 686 198 733 puter
207 679 300 721 ardentis
309 692 383 721 masse
393 678 483 734 fuligine
492 680 562 736 lippus

58 751 74 791 Δ
83 752 177 792 carbone
187 760 208 792 et
217 748 345 807 forcipibus,
355 750 479 807 gladiosque
487 760 576 808 parante

58 823 149 875 lncnde,
158 831 180 864 et
189 821 247 864 luteo
256 822 365 873 Vulcano,
374 823 403 865 ad
411 822 497 865 rhetora
506 821 570 863 misit.

679 239 691 278 N·

59 971 173 1011 Brutorum
182 968 273 1021 exuvie,
282 969 363 1011 truncis
372 968 444 1011 adfixa
452 968 536 1024 tropaeis

59 1044 143 1095 lorica,
153 1053 174 1086 et
183 1043 252 1085 Fracta
260 1044 286 1085 de
295 1044 375 1087 casside
385 1041 476 1085 buccula
486 1042 591 1097 pendeus,

59 1116 83 1157 Et
92 1124 180 1157 curtum
190 1124 276 1157 temone
282 1115 373 1171 jugum,
383 1115 486 1169 victasque
495 1114 590 1157 triremis

60 1186 166 1243 lplustre,
179 1196 200 1229 et
209 1200 296 1228 summo
307 1186 371 1229 tristis
380 1186 477 1242 captivus
485 1186 509 1229 in
518 1200 582 1236 areu,

59 1260 161 1302 Humanis
170 1260 254 1316 majora
263 1261 325 1303 bonis
334 1262 464 1304 ereduntur:
474 1262 502 1303 ad
510 1262 555 1304 haee
563 1274 586 1302 se

60 1336 168 1377 llomanus
176 1336 294 1390 Graiusque
303 1348 328 1377 ao
337 1336 442 1378 Barbarus
451 1336 590 1391 induperator

59 1408 137 1458 Erexit;
148 1420 223 1449 causas
232 1406 362 1449 discriminis
372 1418 437 1463 atque
445 1408 525 1450 laboris

60 1482 108 1523 Inde
118 1480 209 1522 habuit:
220 1488 280 1522 tanto
290 1479 360 1534 major
369 1478 433 1521 fame
442 1479 488 1523 sitis
495 1489 528 1522 eet
536 1492 603 1535 quana

60 1552 161 1595 Virtutis!
171 1551 219 1608 quis
228 1551 287 1593 euim
296 1551 399 1593 virtutem
408 1551 545 1607 amplectitur
553 1552 634 1607 ipsam,

57 1624 145 1667 namin
154 1623 171 1664 si
183 1622 256 1665 tollas?
264 1623 355 1665 Patriam
366 1632 439 1666 tamen
448 1625 522 1667 obruit
530 1624 583 1665 olim

57 1699 129 1743 Gloria
137 1711 269 1754 paucorum,
279 1706 300 1739 et
308 1696 378 1741 laudis
387 1697 487 1753 titulique
495 1697 574 1754 cupido

56 1772 138 1818 llaesuri
147 1772 202 1814 saxis
211 1772 307 1814 cinerum
316 1772 455 1823 custodibus,
465 1773 493 1813 ad
501 1784 549 1827 que

54 1846 192 1890 Discutienda
201 1845 271 1889 valent
280 1844 356 1888 sterilia
364 1844 423 1887 mala
431 1845 510 1886 robora
518 1844 583 1895 licus,

55 1920 237 1977 Quandoquidem
246 1921 295 1963 data
304 1926 355 1963 sunt
363 1918 414 1975 ipsis
422 1931 508 1974 quoque
516 1917 561 1959 fata
569 1916 678 1972 sepulcris.

54 2070 155 2111 Euenor
164 2064 300 2117 Annibalem,
310 2074 364 2121 quot
372 2064 438 2106 libras
444 2063 467 2104 in
475 2064 530 2105 duee
537 2074 626 2104 summo

53 2138 164 2181 Inveniest
173 2136 210 2179 ilie
219 2146 251 2179 est
259 2150 324 2193 quem
334 2150 379 2179 non
387 2135 445 2192 capit
452 2134 523 2177 Africa
531 2146 608 2177 mauro

54 2212 143 2256 Perfusa
154 2213 250 2263 Oceano,
258 2211 350 2267 Niloque
359 2212 446 2253 admota
456 2208 546 2265 tepenti!
567 2218 571 2227 “
