1584 2642
117 197 156 251 tpb
352 195 376 236 t.
393 195 507 237 rursu
667 212 686 239 v.
702 201 744 242 125.

115 288 147 327 An
156 284 270 327 domiuum
280 283 376 340 ignoras,
385 284 425 326 nisi
436 297 502 344 quem
511 283 605 327 vindicta
614 284 705 329 relaxat!

114 362 135 410 t,
145 373 205 416 puer,
215 369 236 401 et
245 358 335 414 strigiles
343 358 434 413 Crispini
444 359 470 400 ad
480 358 555 400 baiuea
565 357 631 400 defer.

112 433 134 474 Si
144 432 260 488 increpuit,
269 434 351 482 Cessas,
361 437 466 487 nugatort
475 431 585 474 servitium
595 445 645 474 acre

111 507 140 547 Te
150 506 203 547 nihil
213 505 314 561 impellit?
323 519 362 547 nec
371 505 488 561 quicquam
498 505 628 548 extrinsecus
637 506 716 558 intrat,

112 580 175 636 Quod
184 593 259 620 nervos
269 579 345 634 agitet?
354 579 391 620 sed
400 579 417 620 si
426 579 496 630 intus,
506 579 558 620 etin
564 579 637 634 jecore
646 593 703 636 aegro

112 653 233 694 Nascantur
242 651 337 700 domiui,
346 651 400 706 quin
410 660 434 693 tu
444 651 572 706 impunitior
582 652 636 702 exis,

111 725 180 778 Atque
185 722 219 765 hic
225 755 230 773 ,
236 737 301 778 quem
307 724 333 764 ad
338 722 427 778 strigiles
432 723 550 774 scutica,et
556 731 626 764 metus
631 723 760 779 egithetilist

142 799 204 839 Mane
213 797 273 853 piger
281 797 363 840 stertis:
373 799 449 852 Surge,
460 795 530 851 iuquit
538 795 643 838 Avaritia:
653 797 696 838 eia!

109 872 184 927 Surge.
194 874 269 926 Negas.
278 873 356 914 instat:
366 873 443 926 Surge,
452 869 530 924 inquit.
540 871 588 911 Nou
598 883 660 925 queo.
671 871 742 926 Surge.

111 944 136 985 Et
145 942 197 997 quid
206 949 282 998 agamt
290 943 387 1000 Rogitas!
395 943 494 998 saperdas
505 941 585 984 advehe
593 944 672 992 Ponto,

109 1015 246 1066 Castorem,
256 1025 354 1072 stuppas,
363 1016 484 1065 hebenum,
493 1014 555 1066 thus,
565 1012 649 1056 lubrica
657 1017 713 1058 Coa:

109 1086 168 1128 Tolle
178 1101 250 1128 recens
259 1088 343 1143 primus
351 1087 418 1143 piper,
428 1101 439 1127 e
447 1085 531 1128 sitiente
540 1085 633 1128 camelo:

110 1160 173 1201 Verte
182 1159 262 1213 aliquid
268 1175 273 1209 ς
280 1159 338 1214 jura.
348 1158 388 1200 Sed
397 1157 480 1212 Jupiter
489 1157 569 1200 audiet.
578 1157 649 1200 Eheu!

109 1235 173 1285 Baro,
183 1241 316 1287 regustatum
325 1232 392 1287 digito
402 1233 508 1274 terebrare
517 1231 612 1274 salinum

108 1307 226 1347 Contentus
234 1317 332 1358 perages,
342 1303 359 1344 si
369 1303 438 1344 vivere
448 1317 499 1345 cum
508 1305 559 1345 Jove
569 1303 643 1346 tendis.

136 1379 183 1418 lam
193 1375 265 1430 pueris
273 1373 351 1429 pellem
360 1374 494 1426 succinctus,
503 1383 524 1417 ct
533 1375 677 1430 oenophorum
687 1385 748 1432 aptas

107 1452 176 1506 Ocyus
185 1449 212 1490 ad
222 1462 311 1489 navem:
322 1447 376 1489 nihii
386 1448 468 1500 obstat,
478 1449 531 1504 quin
541 1451 602 1492 trahe
610 1458 670 1492 vasta

106 1529 198 1581 AEgaeum
209 1524 288 1579 rapias,
298 1522 338 1564 uisi
348 1522 413 1564 solers
421 1523 514 1565 Luxuria
523 1533 573 1566 aute

104 1600 220 1640 Seductum
231 1605 330 1639 moneat:
340 1599 388 1654 Quo
398 1597 484 1648 deinde,
494 1597 579 1650 insane,
588 1597 645 1640 ruis!
654 1603 711 1652 quot

105 1669 162 1726 Quid
171 1671 210 1712 tibi
219 1671 262 1712 vis?
271 1670 340 1711 calido
349 1671 390 1711 sub
400 1678 484 1724 pectore
493 1669 590 1711 mascula
599 1668 647 1712 bilis

104 1743 222 1794 Intumuit,
232 1757 298 1798 quarn
308 1757 352 1784 nou
362 1742 485 1784 exstinxerit
494 1755 550 1784 urna
559 1742 639 1785 cicuta.

104 1816 157 1858 Tun*
168 1829 227 1857 mare
236 1815 354 1858 tmnsiiiast
364 1814 403 1857 tibi
414 1823 469 1856 torta
478 1815 574 1856 cannabe
583 1813 639 1856 fuito

102 1892 166 1932 Coeua
175 1890 233 1932 sitin
243 1899 346 1940 transtro,
355 1890 542 1944 Veientanumque
552 1889 661 1932 rubellum

100 1960 188 2003 Exhalat
198 1961 274 2016 vapida
283 1960 357 2002 lesum
366 1960 413 2015 pice
422 1960 497 2002 sessilis
506 1961 575 2002 obbat

100 2035 157 2089 Quid
167 2035 233 2089 petis!
243 2045 268 2076 ut
276 2035 373 2084 nummi,
383 2048 437 2088 quos
446 2035 481 2075 hic
490 2035 611 2089 quincunce
621 2036 721 2079 modesto

101 2108 222 2157 Nutrieras,
232 2118 333 2164 peragant
343 2108 415 2149 avidos
424 2110 501 2150 sudore
510 2111 615 2152 deuuccst

100 2181 189 2237 indulge
198 2181 271 2237 geuio;
281 2195 394 2237 carpamus
404 2181 487 2224 dulcia:
497 2193 596 2225 nostrum
606 2194 649 2236 est,

767 313 770 336 ὲ

775 2457 776 2468 t
