1584 2642
50 1368 52 1375 ¹
107 1381 210 1421 Passurus
217 1377 279 1433 gestis
288 1378 392 1432 sequenda
401 1378 496 1433 pericula
508 1380 578 1421 rebus.

108 209 148 261 1⁵4
286 203 554 248 nemausus
655 218 735 260 am.

105 294 190 350 Frigida
198 293 307 336 sufficient
318 291 411 334 velantes
420 291 507 347 inguina
517 290 594 347 panni,

107 368 243 424 Exiguusque
252 366 403 415 cibus‚mersa
412 373 457 406 rate
466 363 583 418 naufragus
593 377 662 406 assem
728 361 733 372 '
777 407 788 432 ι

106 442 163 483 Dum
172 450 244 495 rogat,
254 447 275 481 et
283 438 340 494 picta
349 452 371 480 se
381 446 505 492 tempestate
515 446 594 479 tuetur.

107 586 187 627 arms
197 594 257 639 parta
267 583 329 626 malis
338 597 390 625 eura
399 583 481 639 majore
493 592 595 638 metuque

105 661 226 701 Servantur.
237 659 311 700 Misera
320 667 352 700 est
361 658 433 714 magni
443 657 539 699 custodia
548 659 630 700 census.

105 729 215 785 Dispositis
224 729 324 786 praedives
333 729 388 771 amis
399 727 485 783 vigilare
494 728 605 769 cohortem

108 802 222 843 Servorum
231 810 298 843 noctu
307 800 391 842 Licinus
397 799 472 855 jubet,
482 798 586 844 attonitus
596 811 635 854 pro

107 875 190 918 Rieetro
200 875 306 931 signisque
315 873 369 924 suis,
379 873 510 930 phrygiaque
520 871 633 924 columna,

109 951 177 1004 Atque
187 949 251 990 ebore
260 958 281 990 et
290 947 333 990 lata
342 945 454 989 testudine.
464 944 522 986 Bolia
532 944 584 986 nudi
622 949 626 956 ⁴

108 1022 158 1061 Nou
167 1020 243 1061 ardent
251 1018 335 1076 Cynici:
345 1019 362 1060 si
372 1017 471 1073 fregeris,
479 1015 547 1060 altera
556 1016 596 1063 fiet

107 1091 257 1140 cessamus,
267 1099 306 1132 aut
314 1091 389 1132 eadem
399 1089 489 1144 plumbo
498 1089 613 1132 commissa
622 1090 731 1137 manebit.

107 1164 178 1207 Sensit
186 1163 313 1218 Alexander,
323 1172 377 1205 testa
385 1177 454 1218 quum
465 1161 516 1204 vidit
525 1162 549 1205 in
558 1163 594 1204 illa

108 1237 212 1291 Magnum
222 1233 376 1285 habitatorem,
386 1244 471 1289 quamn
480 1234 562 1277 felicior
571 1235 605 1276 hic
614 1235 652 1290 qui

107 1306 143 1349 Nii
153 1315 250 1362 cuperet,
260 1319 327 1361 quarn
338 1304 375 1360 qui
385 1315 456 1348 totum
466 1307 506 1348 sibi
515 1316 612 1362 posceret
622 1307 713 1361 orbem,

109 1524 205 1565 Nuntius
214 1535 296 1564 numen
306 1521 383 1575 habes,
392 1522 410 1564 si
420 1523 447 1565 sit
456 1523 581 1578 prudentia;
590 1536 629 1566 uos
640 1532 673 1575 te,

109 1598 154 1639 Nos
163 1595 266 1645 facimus,
276 1594 382 1648 Portum,
389 1596 459 1638 dearn.
469 1599 569 1639 Mensura
581 1606 653 1640 tamen
663 1612 714 1653 quae

109 1667 208 1712 Sufficiat
217 1671 303 1717 census,
312 1668 330 1710 si
338 1668 387 1724 quis
399 1682 434 1709 me
443 1668 549 1722 consulat,
560 1669 630 1710 edam.

109 1746 135 1785 ln
144 1752 252 1799 quantum
260 1742 306 1795 sitis
315 1752 379 1798 atque
388 1741 456 1783 fames
466 1751 487 1783 et
496 1741 576 1796 frigora
585 1751 689 1797 poscunt,

108 1819 230 1876 Quantum,
239 1818 339 1873 Epicure,
349 1817 388 1859 tibi
397 1815 468 1872 parvis
477 1815 563 1858 suffecit
570 1815 593 1858 in
602 1815 684 1868 hortis„

109 1891 220 1947 Quantum
229 1890 330 1932 Socratici
340 1899 442 1945 ceperunt
451 1898 499 1930 ante
509 1898 602 1944 penates.

110 1963 229 2016 Nunquam
238 1961 297 2003 aliud
309 1971 397 2010 natura,
407 1960 466 2003 aliud
475 1961 579 2016 sapientia
588 1960 646 2015 dicit.

110 2036 199 2077 acribus
209 2035 310 2091 exemplis
319 2035 391 2077 videor
401 2045 421 2076 te
430 2034 527 2078 cludere:
538 2036 603 2077 misce

111 2109 166 2164 Ergo
177 2108 258 2163 uliquid
267 2109 345 2151 uostris
353 2111 380 2151 de
388 2108 499 2155 moribus:
509 2107 570 2154 effice
579 2122 703 2158 summam.
