1584 2642
57 202 75 231 v.
88 202 135 231 roo.
278 189 399 231 sama
415 189 456 229 Vl.
656 194 682 233 5³

56 281 105 337 Qua
114 277 224 320 moechnm
233 277 336 333 sequitur,
346 277 458 321 stomacho
468 276 529 319 valet
538 276 576 319 illa
585 278 690 321 mantum

55 350 176 399 convomi13
186 349 231 391 haec
241 349 296 392 inter
305 359 382 391 nautas
391 361 412 391 et
420 350 522 405 prandet,
531 360 552 392 et
561 360 618 392 errat

55 424 90 463 Per
98 421 201 478 puppim,
211 430 232 463 ct
241 421 306 462 duros
315 422 393 476 gaudet
404 431 493 463 tractare
503 422 609 464 rudentes.

55 495 99 551 Qua
109 504 182 536 temen
190 492 267 535 exarsit
277 492 357 542 forma,
368 506 411 547 qua
420 503 482 548 capta
487 491 577 548 juventa

53 566 137 621 Hippial
146 565 198 620 quid
208 565 270 615 vidit,
280 574 366 621 propter
375 567 433 621 qnod
442 566 509 608 ludia
518 567 559 609 dici

52 640 166 682 Sustinuit!
175 642 232 681 Nam
242 639 346 695 Sergiolus
352 639 401 695 jani
411 641 484 681 radere
493 650 568 696 guttur

52 715 155 768 Coeperat,
165 722 186 755 et
195 722 252 754 secto
262 712 357 767 requiem
367 726 451 768 sperare
460 712 545 755 lacerto.

50 788 149 829 Pratema
158 786 228 829 multa
236 786 259 827 in
269 786 322 829 facie
331 786 448 837 deformia,
458 786 513 828 sicot

49 859 141 901 lduitus
150 858 221 914 palea,
231 858 347 914 mediisque
356 860 380 900 in
388 858 477 899 naribus
487 858 560 913 ingens

49 932 138 983 Gibbus,
149 942 170 975 et
179 945 227 973 acre
236 930 319 973 malum
329 944 414 987 semper
422 929 520 973 stillantis
530 928 596 972 ocelli.

47 1006 86 1047 Sed
94 1005 199 1061 gladiator
208 1014 263 1057 erat;
274 1005 325 1047 iacit
333 1006 374 1047 lroc
384 1004 431 1046 illos
440 1005 575 1062 Hyacinthos.

47 1081 89 1121 lloc
97 1080 181 1135 pueris,
190 1079 315 1135 patriaeqne;
326 1080 366 1136 lios
376 1079 470 1134 pratulit
478 1079 514 1120 illa
523 1078 591 1120 sorori

45 1155 111 1208 atque
120 1154 173 1195 viro.
183 1155 272 1195 Ferrum
281 1154 380 1208 estquod
389 1163 470 1195 amant.
480 1153 516 1195 liic
526 1152 609 1209 Sergius
618 1151 687 1208 idem,

45 1229 135 1284 Adcepta
144 1228 209 1281 rude,
219 1228 315 1283 coepisset
324 1226 414 1282 Vejento
424 1227 496 1269 videri.

43 1381 99 1436 Quin
107 1379 190 1433 privata
199 1378 288 1427 domus,
298 1376 350 1431 quid
359 1375 432 1418 fecerit
441 1376 527 1431 Hippia,
536 1380 610 1418 curas!

43 1450 127 1506 llespice
136 1450 211 1493 rivales
221 1450 334 1491 divorum:
343 1449 444 1492 Claudius
453 1450 504 1491 audi

42 1526 93 1580 Quae
103 1524 181 1566 tulerit.
191 1523 287 1565 Dormire
297 1522 367 1564 virum
376 1536 446 1577 quum
455 1532 549 1564 senserat
558 1535 617 1571 uxor,

42 1601 96 1638 Ausa
106 1595 202 1637 Palatino
212 1604 301 1650 tegetem
311 1593 410 1649 praeferre
419 1594 496 1645 cubili,

41 1672 130 1712 Sumere
139 1678 256 1711 nocturnos
266 1669 365 1711 meretrix
373 1679 465 1724 augusta
473 1667 579 1718 cucullos,

40 1745 170 1800 linquebat,
180 1745 258 1789 comite
266 1744 344 1786 ancilla
353 1758 398 1785 non
406 1742 499 1798 amplius
509 1755 565 1783 una:

40 1819 79 1859 Sed
89 1818 176 1873 nigrum
186 1817 241 1859 llavo
251 1817 332 1859 crinem
341 1815 484 1858 abscondente
494 1813 576 1869 galero,

39 1891 129 1933 Intravit
138 1890 232 1933 calidum
242 1891 306 1932 veteri
316 1900 405 1932 centone
414 1888 512 1942 lupanar,

39 1966 63 2005 Et
72 1964 148 2007 cellam
159 1978 259 2015 vacuam,
269 1974 333 2019 atque
341 1976 418 2005 sunm:
429 1971 479 2003 tunc
489 1960 548 2001 nuda
556 1958 640 2014 papillis

38 2037 133 2080 Prostitit
141 2038 232 2089 auratis,
242 2036 330 2080 titulum
340 2034 430 2077 mentita
439 2034 539 2090 Lycisca,

39 2110 177 2166 Ostenditque
187 2120 262 2161 tuum,
272 2122 371 2165 generose
380 2106 509 2155 Britannice,
519 2115 621 2148 ventrem.

40 2183 125 2241 Excepit
134 2184 214 2227 blanda
222 2184 336 2235 intrantes,
345 2192 410 2239 etque
419 2195 460 2225 ara
469 2179 575 2241 poposcit,
