1584 2642
132 225 171 277 ηε
367 222 390 263 n
408 221 520 264 rursu
693 224 758 264 sor.

130 313 185 361 Vos,
195 323 208 351 o
217 308 423 365 patriciussauffuis,
433 321 487 363 quos
496 307 564 348 rivere
570 305 607 362 jus
616 316 648 350 est

130 382 217 439 occipiti
226 397 292 433 ceco,
300 383 384 439 postico
394 381 498 424 occurrite
507 394 585 422 sannae.

130 455 182 511 Quis
191 454 263 509 populi
272 468 342 496 sermo
351 460 394 496 est!
403 454 450 508 quis
460 453 529 495 enim!
538 451 578 494 nisi
588 452 687 495 carmine
697 453 758 496 molli

130 527 194 567 Nunc
203 527 291 567 demum
300 538 391 566 numero
401 524 477 574 fluere,
488 533 512 565 ut
520 536 557 578 per
566 522 615 564 laeve
626 537 711 566 severos

130 594 233 638 Effundet
238 595 343 650 junctum
352 609 440 650 ungues.
450 594 492 636 Scit
501 595 587 636 tendere
595 607 683 636 versum

130 671 179 712 Nou
189 683 259 721 secus,
269 684 293 711 ac
302 670 319 711 si
329 669 391 711 oculo
402 669 509 711 rubricam
520 669 596 724 dirigat
606 683 663 710 uno:

130 743 177 785 Sive
186 758 240 800 opus
248 744 271 786 ln
280 757 360 794 mores,
370 744 393 784 in
403 743 490 795 lurum,
498 743 520 784 in
531 743 620 798 prandio
629 757 716 799 regum,

130 816 202 859 Dicere
211 831 244 860 res
251 819 339 874 grandes
349 827 422 859 nostro
431 817 468 858 dut
477 818 536 858 Musa
546 825 618 871 poeto.

131 893 183 934 Eece
192 893 257 934 modo
266 893 342 933 heroas
350 905 424 933 sensus
433 890 511 933 afferre
519 891 622 932 docemus

130 964 212 1019 Nugeri
221 963 293 1006 solitos
302 967 382 1014 Graece,
392 977 431 1004 nec
441 976 518 1018 ponere
527 963 602 1004 lucum

130 1037 236 1088 Artifices,
245 1052 284 1080 nec
294 1052 330 1080 rus
339 1046 437 1079 saturum
448 1035 544 1084 laudare,
554 1033 591 1077 uhi
601 1037 687 1088 corbes,

129 1111 155 1151 Et
164 1107 236 1157 focus,
245 1117 266 1150 et
275 1109 344 1164 porci,
354 1117 375 1150 et
384 1108 471 1149 fumosa
479 1106 555 1148 Parilia
564 1106 633 1148 foeno:

131 1181 191 1222 Unde
199 1181 288 1229 nemus,
298 1176 399 1234 sulcoque
410 1189 477 1220 terens
486 1177 590 1230 dentalia,
599 1178 686 1235 Quinti,

130 1254 199 1309 Quem
209 1239 291 1306 trepida
299 1262 348 1293 ante
358 1252 422 1293 boves
431 1252 558 1294 Dictatorem
568 1251 639 1294 induit
649 1267 715 1295 uxor:

130 1328 156 1368 Et
165 1335 201 1368 tun
210 1334 280 1366 aratra
288 1325 378 1366 domum
388 1323 450 1366 lictor
459 1324 513 1366 tulit.
523 1327 590 1379 Euge,
600 1328 672 1380 poeta!

130 1397 166 1440 Est
176 1410 245 1446 nunc,
255 1396 323 1438 Brisaei
332 1410 398 1451 quem
407 1411 497 1439 venosus
506 1397 559 1439 liber
567 1399 626 1448 Accl;

131 1472 195 1521 Sunt,
205 1484 259 1526 quos
267 1471 421 1526 Pacuviusque,
431 1482 452 1513 et
461 1485 572 1515 verrucosa
582 1483 679 1515 moretur

130 1543 232 1599 Antiopa,
241 1542 342 1585 erumnis
350 1556 387 1584 cor
396 1542 532 1585 luctificabile
540 1543 595 1586 fulu
603 1561 607 1585 :

112 1643 115 1651 ·
128 1619 172 1658 fios
180 1617 251 1672 pueris
261 1616 356 1659 monitus
365 1626 436 1672 patres
445 1617 558 1659 infundere
567 1617 636 1674 lippos

131 1690 186 1731 eum
195 1689 276 1740 videos,
285 1689 403 1744 quaerisque
413 1689 518 1730 uudehaec
527 1699 610 1745 sartago
620 1690 721 1745 loquendi

132 1761 220 1804 Venerit
228 1762 250 1802 in
259 1755 355 1817 linguasl
363 1763 421 1803 unde
430 1761 486 1802 istud
496 1761 597 1811 dedecus,
606 1761 629 1802 in
638 1775 682 1816 quo

131 1831 243 1874 Trossulus
252 1832 342 1874 exsultet
352 1832 390 1874 ribi
401 1845 439 1886 per
448 1831 547 1873 subsellia
555 1831 624 1874 laevisr

131 1901 194 1943 Nilne
202 1904 279 1958 pudet,
289 1903 352 1959 mpiti
362 1915 406 1943 non
415 1916 475 1956 posse
484 1902 578 1958 pericula
586 1917 640 1945 cono

131 1974 219 2025 Pellem,
228 1977 281 2031 quin
291 1976 386 2031 tepidum
396 1977 437 2017 lroc
446 1985 505 2031 optes
514 1977 598 2027 audire,
608 1980 727 2021 Decenterl

159 2046 202 2085 Fur
211 2059 243 2094 es,
253 2047 282 2087 eit
290 2046 358 2086 Pedio.
368 2045 443 2086 Pedius
451 2046 515 2100 quidl
524 2047 615 2089 crimina
624 2048 676 2090 rasis

128 2115 200 2158 Libras
209 2117 231 2157 ln
240 2117 360 2159 antithetis:
371 2118 443 2159 doctas
452 2119 546 2172 posuisse
556 2120 633 2176 figuras

125 2189 238 2230 Laudatur.
248 2188 328 2231 Bellum
338 2190 384 2232 hoc.
394 2193 437 2232 Hoc
447 2191 540 2235 bellum!
550 2208 590 2248 an,
598 2196 702 2250 Romule,
711 2201 776 2240 celes?
