1584 2642
137 250 162 288 ,ει
316 246 338 285 n.
358 246 375 285 J.
394 244 587 286 tnvnuatis
708 247 766 297 274.

134 334 295 391 Chrysogonum
305 343 391 376 cantare
400 343 478 376 vetent.
490 333 585 389 Hispulla
594 334 692 389 tragaedo

133 411 228 453 Gaudet:
238 422 265 450 an
275 420 381 464 exspectas
391 418 416 451 ut
425 408 568 465 Quintilianus
578 415 677 451 ametnrt

134 483 216 537 Adcipis
226 496 325 533 uxorem,
335 484 360 525 de
370 498 414 540 qua
422 483 550 526 citharoedus
557 484 637 525 Echion

132 558 174 599 Aut
183 557 300 615 Glaphyrus
311 558 349 602 fiat
357 568 425 615 pater,
434 558 602 612 Ambrosiusque
610 556 734 601 choraules.

131 630 202 685 Longa
211 618 249 685 per
258 642 358 687 angustos
368 632 459 688 figamus
468 631 550 687 pulpita
558 631 626 673 vicos:

131 702 238 745 Omentut
247 715 327 759 postes,
337 715 358 748 et
367 704 442 760 grandi
448 702 517 759 janua
527 702 599 752 lauro,

129 777 156 819 Ut
165 778 283 821 testudineo
294 779 343 831 tibi,
353 778 451 829 tennala,
461 790 556 833 conopeo

129 850 212 893 Nobilis
220 852 337 909 Euryalum
347 850 502 894 mirmillonem
512 851 618 907 exprimat
627 849 709 893 infans.

128 998 203 1038 Num
213 1000 305 1040 senatori
315 1000 417 1043 comitata
425 1009 457 1041 est
465 998 540 1055 llippia
549 996 643 1054 Ludjum

126 1070 249 1111 taenaron
261 1080 281 1111 et
291 1071 377 1119 Nilum,
387 1072 513 1124 famosaque
522 1072 601 1113 moenia
609 1071 670 1127 Lagi,

126 1140 222 1195 Prodigia
231 1151 252 1182 et
262 1155 332 1183 mores
342 1142 401 1183 urhis
411 1143 528 1183 damnante
537 1144 630 1199 Canopo.

126 1213 244 1253 Immemor
252 1212 288 1253 illa
298 1213 387 1261 domlls,
397 1221 419 1253 et
428 1210 525 1266 conjugis
535 1222 599 1265 atque
608 1217 701 1265 sororis,
781 1257 784 1272 ,

125 1283 159 1325 Nil
169 1284 241 1339 patria
251 1282 349 1329 indulsit.
359 1282 510 1339 plorantesque
518 1283 617 1338 improba
626 1298 715 1340 gnatos,

124 1357 193 1410 thue
202 1357 269 1411 magis
278 1364 374 1410 stupeas,
385 1354 447 1397 ludos
456 1356 595 1412 Paridemque
605 1357 700 1415 reliquit.

123 1428 163 1469 Sed
173 1440 297 1482 quanquam
307 1426 330 1468 in
340 1428 424 1483 magnis
433 1428 522 1483 opibus,
530 1429 649 1486 plumaque
657 1442 756 1488 paterna,

123 1502 148 1542 Et
156 1500 292 1555 segmentatis
301 1501 413 1543 dormisset
422 1502 511 1557 parvula
519 1501 591 1554 cuuis,

121 1572 238 1614 Contemsit
248 1572 346 1628 pelagus:
355 1572 439 1616 famam
449 1584 591 1619 contemserat
598 1576 662 1628 olim,

120 1645 187 1700 Cujus
196 1647 253 1701 apud
262 1646 337 1689 molles
347 1648 438 1689 minima
447 1658 479 1691 est
484 1649 571 1703 jactura
580 1652 698 1694 cathedras.

120 1718 239 1775 'ltJrrhenos
248 1719 312 1775 igitur
322 1719 412 1769 fluctus,
421 1719 505 1775 lateque
513 1731 627 1765 sonantem

120 1790 207 1833 Pertulit
215 1791 300 1833 lonium
311 1792 417 1834 constanti
426 1801 521 1848 pectore,
531 1794 629 1848 quamvis

119 1862 248 1905 Mutandum
258 1864 319 1907 toties
328 1872 381 1906 esset
390 1863 455 1905 mare,
463 1866 524 1907 lusta
532 1865 605 1920 pericli

120 1937 139 1979 Si
150 1938 203 1980 ratio
212 1949 255 1989 est,
266 1949 286 1981 et
294 1939 394 1988 honesta3
405 1938 492 1988 timent,
502 1939 621 1994 pavidoque
630 1939 726 1994 gelanttu

120 2009 215 2061 Pectore,
224 2024 263 2053 uec
273 2010 369 2053 tremulis
378 2020 469 2065 possunt
478 2010 573 2053 insistere
581 2010 673 2067 plantis:

118 2084 201 2125 Fortem
211 2086 308 2127 animum
318 2094 419 2140 praestant
428 2086 491 2127 rebus
501 2100 554 2142 quas
564 2086 653 2141 turpiter
663 2086 744 2129 audent.
775 2097 777 2100 ·

116 2156 136 2198 Si
142 2156 218 2211 jubeat
228 2158 317 2215 conjux,
326 2160 406 2201 durum
416 2170 448 2202 est
457 2161 596 2202 conscendere
605 2160 687 2211 navim;
774 2191 775 2212 q

116 2231 175 2273 Tunc
185 2232 266 2274 sentina
276 2233 355 2288 gravis,
364 2244 417 2278 tunc
426 2248 526 2278 summus
535 2234 624 2278 vertitur
632 2236 673 2277 a'e'r.
