1584 2642
124 252 151 291 ιο·
304 248 326 286 u.
345 248 362 286 J.
380 247 571 287 ruvereus
682 261 751 303 ιφ.

122 335 170 376 Haee
180 334 253 375 eadem
262 330 311 373 lieet
320 340 341 373 et
349 331 412 373 nobis
421 330 521 374 laudare:
531 333 567 374 sed
577 331 618 373 iilis

120 406 224 449 Creditur.
233 407 264 445 An
274 402 356 452 melior,
365 418 434 459 quum
444 405 525 447 Thaida
534 406 636 456 eminet,
647 416 685 448 aut
693 420 762 461 quum
778 384 782 419 ¹¹

121 480 211 519 Uxorem
222 477 330 519 eomoedus
341 478 394 533 agit,
405 478 437 520 vel
445 480 524 521 Dorida
532 480 592 521 nulio

120 549 205 592 Cultam
215 548 313 604 palliolo?
323 549 399 591 Mulier
408 565 485 606 nempe
494 552 538 607 ipsa
548 552 642 602 videtur,'

121 622 170 662 Non
180 633 271 675 persona
280 620 339 675 loqui
348 638 352 661 :
364 635 430 663 vacua
439 632 460 663 et
469 621 532 677 plana
541 622 614 663 omnia
622 622 680 664 dicas

119 694 178 736 infra
186 694 342 743 ventriculum,
352 705 373 737 et
383 696 441 738 tenui
450 696 553 738 distantia
562 696 623 738 rima.

119 770 163 810 Nee
173 779 245 810 tamen
255 770 383 823 Antiochus,
392 785 431 815 nec
441 771 481 814 erit
490 771 594 812 mirabilis
604 770 646 811 illie

120 842 162 883 Aut
171 842 294 895 Stratocles,
304 855 402 887 autenm
412 844 472 885 modi
482 845 600 886 demetrius
610 846 689 885 Haemo.

120 914 184 956 Natio
193 918 290 959 comoeda
299 928 337 960 est.
347 920 421 961 Rides!
431 918 514 973 majore
523 918 628 959 cachinno

119 990 259 1031 Concutitur:
270 990 317 1039 flet,
327 992 344 1032 si
353 992 459 1047 lacrymas
468 992 577 1046 conspexit
585 990 660 1040 amici,

120 1064 163 1105 Nec
173 1062 243 1112 dolet‚·
253 1063 372 1118 igniculum
382 1065 465 1106 brumae
474 1064 491 1105 si
502 1074 597 1118 tempore
606 1078 692 1119 poscas,

119 1133 202 1190 Adcipit
211 1133 372 1176 endromidem:
383 1134 401 1175 si
412 1133 500 1184 dixeris,
510 1145 588 1185 esino,
598 1136 667 1176 sudat.

119 1281 168 1323 Nou
178 1293 254 1321 sumus
265 1292 315 1333 ergo
325 1291 399 1333 pares:
409 1276 487 1318 melior
494 1277 532 1332 qui
541 1290 626 1332 semper
634 1287 655 1320 et
664 1282 729 1322 omni

120 1352 187 1393 Nocte
196 1352 272 1405 dieque
281 1360 352 1405 potest
362 1348 430 1391 aliena
439 1362 523 1390 sumere
532 1348 617 1392 vultum

119 1428 135 1467 A
145 1424 209 1475 faeie,
216 1425 298 1481 jactare
309 1437 399 1473 manus,
409 1423 496 1465 laudare
505 1434 592 1479 paratus

117 1497 139 1538 Si
151 1497 204 1537 bene
214 1495 315 1545 ructavit,
325 1495 342 1535 si
353 1504 435 1535 rectum
445 1495 522 1537 minxit
531 1496 625 1548 amicus,

118 1569 138 1613 Si
149 1569 213 1612 truiia
222 1570 305 1611 inverso
315 1568 420 1624 crepitum
430 1570 487 1612 dedit
496 1584 560 1611 aurea
569 1570 645 1612 fundo.

118 1644 219 1684 Praeterea
228 1651 326 1682 sanetum
336 1639 389 1681 nihil
399 1650 439 1690 est,
450 1650 471 1682 et
480 1641 507 1681 ab
516 1640 604 1696 inguine
613 1651 699 1693 tutum,

119 1718 168 1758 Nou
179 1725 277 1757 matrona
286 1715 355 1765 Laris,
364 1728 408 1756 non
418 1714 462 1757 fitia
471 1715 540 1771 virgo,
550 1730 620 1771 neque
628 1716 672 1772 ipse
693 1716 697 1723 '

117 1792 211 1845 Sponsus
220 1788 275 1830 laevis
285 1788 365 1839 adhuc,
375 1802 419 1829 non
429 1788 485 1831 filius
495 1798 544 1830 ante
553 1788 651 1843 pudicus.

117 1864 199 1905 florum
210 1860 227 1901 si
237 1859 290 1901 ninii
299 1869 340 1912 est,
350 1860 420 1901 avium
430 1861 539 1915 resupinat
548 1860 619 1901 amici.

48 1988 50 1992 v
117 1937 173 1979 Scire
183 1936 257 1978 volunt
266 1946 345 1979 secreta
354 1937 443 1987 domus,
453 1945 517 1991 etque
526 1935 575 1977 inde
587 1935 664 1977 timeri.

145 2012 171 2051 Et
179 2011 282 2066 quoniam
293 2011 354 2066 coepit
363 2013 485 2053 Graecorum
495 2008 587 2059 mentio,
597 2010 663 2054 transi

117 2082 243 2139 Cymander,
253 2092 316 2137 atque
325 2082 376 2124 audi
385 2080 468 2123 facinus
479 2081 566 2137 majoris
575 2080 655 2123 ahuilae.

117 2154 200 2201 Stoicus
209 2156 285 2199 occidit
294 2159 392 2207 Baream,
403 2155 485 2197 delator
492 2156 599 2205 amicum,
