1584 2642
111 225 138 265 62
291 223 313 264 D.
332 224 349 263 J.
367 223 560 264 iuventtis
661 225 740 267 meso.

110 310 147 353 llle
154 312 219 367 jubet
228 321 300 353 sumto
306 310 410 365 juvenem
420 324 533 366 properare
542 310 633 353 cucullo.

111 387 131 427 Si
141 387 195 428 nihil
205 397 246 435 est,
256 386 320 428 serris
329 386 457 437 incurritur;
467 386 579 429 mentieris
588 399 649 442 spem

111 461 236 509 Servorum,
246 459 315 500 veniet
323 459 443 502 conductus
451 459 565 514 aquarius:
574 459 610 501 ltic
618 459 636 501 si
779 455 780 514 1

111 531 224 588 Quaeritur,
234 541 255 573 et
264 532 341 573 desunt
350 532 459 583 homines;
469 545 531 573 mora
539 531 600 581 nulla
608 546 647 587 per
655 532 738 589 ipsum,
779 527 780 566 ἶ

111 606 159 663 Quo
169 605 241 647 minus
250 605 351 661 imposito
361 606 447 649 clunem
456 606 570 649 submittat
579 605 651 649 asello.

111 753 184 801 droun
194 753 278 795 utinam
288 754 342 797 ritus
351 762 431 796 veteres
439 763 461 795 et
469 753 555 809 publica
564 752 641 795 saltem

111 824 147 867 llis
155 825 236 869 intacta
245 826 307 869 malis
316 837 431 883 agerentur
438 827 507 868 saera!
517 827 553 868 sed
562 840 637 867 omnes

111 890 223 944 ¹Noverunt
232 902 300 945 Mauri
309 912 373 957 atque
383 901 440 951 indi.
450 914 497 955 qute
506 900 592 955 psaltria
601 913 680 955 penem

111 973 227 1027 Majorern,
237 988 304 1028 quern
313 982 363 1015 sunt
372 975 416 1014 duo
424 972 510 1014 Caesaris
518 972 678 1024 Anti-Catones,

112 1042 175 1093 Illuc,
186 1044 276 1085 testiculi
286 1044 326 1085 sibi
335 1044 433 1085 conscius
443 1043 500 1083 unde
508 1042 565 1098 fugit
573 1057 634 1094 mus,

111 1115 219 1165 Intulerit,
230 1116 267 1157 ubi
277 1115 340 1156 velari
350 1115 433 1169 pictura
439 1115 535 1169 jubetur,

112 1190 257 1244 Quaecumque
266 1186 352 1227 alterius
361 1189 423 1227 sexus
431 1185 516 1227 imitata
525 1186 617 1241 liguram
627 1197 666 1231 est.

112 1264 137 1304 Et
146 1261 193 1315 quis
204 1270 254 1302 tuuc
264 1260 379 1300 hominum
389 1269 511 1301 contemtor
518 1261 626 1303 numinis}
636 1273 675 1306 eut
683 1264 731 1319 quis

112 1333 248 1388 simpuvium
258 1331 325 1372 ridere
336 1332 423 1381 Numer,
433 1332 562 1387 nigrumque
571 1334 681 1388 catinum,

112 1410 137 1450 Et
147 1408 250 1449 Vaticano
261 1404 344 1461 fragiles
354 1406 380 1447 de
389 1417 463 1448 monte
472 1408 559 1463 patellas

113 1481 181 1521 tusus
190 1483 247 1519 erati
256 1478 293 1519 sed
302 1490 360 1519 nunc
371 1480 398 1519 ad
407 1494 460 1534 quas
469 1494 514 1521 non
522 1481 608 1524 Clodius
617 1489 678 1524 arse?

142 1550 220 1599 Audio,
230 1550 282 1605 quid
291 1559 370 1592 veteres
380 1550 432 1592 olim
442 1552 546 1594 monentis
555 1553 632 1595 amici:

113 1628 169 1665 Pone
178 1637 258 1671 seram,
268 1622 349 1673 cohibe.
360 1648 387 1655 -
395 1625 434 1665 Sed
444 1625 492 1679 quis
500 1626 604 1668 custodiet
612 1626 670 1681 ipsos

113 1698 226 1739 Custodes!
236 1706 349 1749 mutuent,
359 1708 381 1740 et
389 1699 417 1740 ab
426 1697 467 1739 illis
476 1698 550 1755 incipit
559 1713 619 1741 uxor.

113 1847 201 1894 litteus
210 1845 284 1887 eadem
293 1846 384 1888 summis
393 1846 472 1902 pariter
482 1846 620 1901 minimisque
628 1845 695 1888 libido
704 1860 709 1885 :

113 1920 158 1959 Nec
168 1916 250 1970 melior,
259 1917 339 1959 silicem
348 1919 438 1973 pedibus
448 1932 495 1972 que
504 1917 595 1960 conterit
605 1926 689 1968 etnim,

113 1992 184 2046 Quam
193 2003 240 2044 qute
249 1989 363 2044 longorum
373 1990 458 2031 vehitur
467 1988 546 2030 cervice
556 1992 664 2045 Syrorum.

114 2064 141 2103 [lt
149 2072 228 2116 spectet
237 2062 308 2110 ludos,
320 2061 420 2103 conducit
429 2059 517 2112 Ogulnia
527 2070 617 2110 vestem

114 2136 219 2177 Conducit
228 2136 327 2185 comites,
337 2134 423 2182 sellam,
433 2132 532 2184 cervical,
542 2135 632 2184 etnim,

115 2206 237 2258 Nutricem,
247 2218 268 2249 et
277 2208 365 2257 flavam,
376 2204 411 2247 cui
420 2205 456 2246 det
465 2206 578 2257 mandata,
587 2205 688 2260 puellam.
