1584 2642
116 214 155 254 ιιι
352 211 375 251 ι.
393 207 506 252 euasit
677 223 698 252 v.
711 214 742 264 ,ι

115 305 140 344 Et
148 302 220 358 piper,
229 309 250 344 et
258 312 339 356 perne,
350 298 414 341 Marsi
424 305 566 340 monumenta
576 295 660 340 clientis
670 313 675 338 :

111 377 221 429 blenaque
229 373 288 428 quod
297 372 368 428 prima
377 372 477 414 nondum
486 369 587 413 defecerit
595 385 653 414 orca.

141 449 177 490 llic
187 447 262 502 aliquis
269 447 296 488 de
305 455 367 501 gente
375 445 458 488 hircosa
466 444 619 487 centurionum

25 521 29 531 ’
112 522 182 571 Dicat,
191 521 254 576 Quod
262 520 321 576 sapio
330 520 381 562 satis
390 529 422 562 est
431 519 497 561 mihi:
508 533 552 561 non
562 531 600 574 ego
609 533 664 561 curo

111 595 159 635 Esse
167 593 226 646 quod
234 591 346 642 Arcesilas,
355 591 513 646 erumnosique
522 589 619 642 Solones,

111 664 199 719 Obstipo
208 663 290 719 capite,
302 673 323 706 et
332 663 420 720 figentes
429 663 512 705 lumine
521 672 612 713 terrem,

110 738 223 778 Murmura
231 751 283 779 cum
292 751 377 787 secum,
387 746 409 778 et
418 735 502 778 rabiosa
510 735 594 778 silentia
603 736 697 788 rodunt,

109 812 178 864 Atque
186 818 309 866 exporrecto
319 809 454 852 trutinantur
463 809 527 850 verba
535 807 626 859 labello,
674 823 678 829 ·

110 882 188 937 AEqroti
197 882 271 924 veteris
280 882 408 924 meditantes
419 880 515 932 somnia,
525 879 581 936 gigni

109 957 138 996 lle
148 953 216 995 nihilo
224 954 329 1004 nihilum,
339 954 362 996 in
371 953 466 996 nihilum
474 952 506 996 nil
515 966 575 1008 posse
585 952 669 995 reverti.

110 1029 153 1068 lloc
162 1037 204 1076 est,
213 1028 272 1080 quod
281 1027 360 1084 palles:
372 1041 412 1070 cur
420 1026 468 1082 quis
479 1040 523 1068 non
533 1026 647 1082 prandeat,
658 1026 700 1068 hoc
710 1036 748 1069 est.

108 1101 144 1142 llis
152 1099 245 1154 populus
254 1101 319 1149 ridet,
329 1101 468 1156 multumque
476 1110 546 1143 torosa
552 1099 657 1156 juventus

109 1171 230 1227 Ingeminat
239 1172 342 1214 tremulos
351 1186 405 1215 naso
413 1173 519 1228 crispante
527 1173 650 1216 cachinnos.

137 1245 219 1300 Inspice
228 1262 233 1286 :
242 1245 314 1288 nescio
322 1247 375 1301 quid
384 1247 476 1302 trepidat
485 1247 539 1290 mihi
548 1257 632 1304 pectus,
643 1259 665 1290 et
674 1249 736 1305 egris

108 1317 215 1358 Faucibus
223 1328 334 1372 exsuperat
343 1319 412 1374 gravis
421 1319 500 1362 halitus
509 1336 513 1360 :
524 1320 614 1376 inspice,
623 1322 698 1374 sodes,

107 1389 149 1444 Qui
158 1389 210 1432 dicit
219 1389 313 1440 medico,
319 1389 394 1445 jussus
404 1391 545 1446 requiescere,
554 1402 671 1448 postquam

108 1463 179 1506 Tertia
188 1464 317 1518 compositas
326 1465 380 1508 vidit
389 1480 432 1508 nox
442 1479 527 1510 currere
536 1480 611 1519 venas,

110 1539 140 1579 Ile
149 1536 232 1594 majore
241 1539 308 1581 domo
316 1540 401 1582 modice
410 1540 493 1584 sitiente
504 1541 578 1598 lagena

111 1611 176 1652 Lenia
186 1611 257 1654 loturo
265 1613 306 1654 sibi
315 1613 440 1656 Surrentina
449 1614 536 1670 rogarit.

108 1685 177 1726 lleus!
189 1685 255 1737 bone,
265 1695 289 1729 tu
298 1686 373 1742 palles.
382 1687 441 1730 Nihil
451 1697 487 1730 est.
498 1688 576 1730 Videas
585 1697 657 1731 tamen
667 1689 737 1745 istud,

111 1755 218 1811 Quicquid
226 1757 249 1799 id
258 1769 295 1800 est.
305 1759 377 1814 Surgit
386 1759 449 1802 tacite
459 1759 497 1802 tibi
508 1758 565 1802 lutee
573 1759 640 1815 pellis.

109 1829 136 1870 lt
146 1837 169 1869 tu
178 1829 271 1872 deterius
281 1831 345 1886 palles
356 1847 398 1874 :ue
407 1833 435 1874 sis
445 1832 498 1875 mihi
509 1843 580 1876 tutor:

106 1901 237 1956 lampridem
246 1903 306 1945 hunc
314 1904 379 1959 sepeli
389 1919 393 1943 z
404 1914 428 1947 tu
438 1915 509 1948 restas.
519 1909 592 1962 Perga
603 1907 685 1950 tacebo.

106 1973 214 2028 Turpidus
222 1974 256 2017 hic
265 1975 344 2030 epulis,
354 1986 419 2032 atque
428 1977 478 2020 albo
487 1988 570 2030 renue,
580 1978 674 2030 lavatur,

106 2045 197 2087 Gutture
206 2047 311 2090 sulfureas
320 2049 377 2091 lente
386 2049 498 2092 exhalante
508 2052 619 2108 mephites.

104 2117 144 2156 Sed
154 2127 235 2161 tremor
244 2120 300 2162 inter
308 2122 358 2164 rina
366 2123 436 2172 subit,
446 2124 583 2180 calidumque
592 2126 677 2169 triental

104 2189 189 2232 Excutit
197 2205 209 2231 e
218 2193 320 2235 manibus
330 2209 335 2233 ι
345 2195 418 2237 dentes
428 2209 528 2252 crepuere
538 2199 622 2250 retecti;
