<?xml version="1.0" encoding="UTF-8"?>
<!DOCTYPE html PUBLIC "-//W3C//DTD XHTML 1.0 Transitional//EN"
    "http://www.w3.org/TR/xhtml1/DTD/xhtml1-transitional.dtd">
<html xmlns="http://www.w3.org/1999/xhtml" xml:lang="en" lang="en">
 <head>
  <title>
</title>
<meta http-equiv="Content-Type" content="text/html;charset=utf-8" />
  <meta name='ocr-system' content='tesseract 3.04.00' />
  <meta name='ocr-capabilities' content='ocr_page ocr_carea ocr_par ocr_line ocrx_word'/>
</head>
<body>
  <div class='ocr_page' id='page_1' title='image "./djuniijuvenalis00rupegoog_0082.png"; bbox 0 0 1584 2642; ppageno 0'>
   <div class='ocr_carea' id='block_1_1' title="bbox 87 262 754 2069">
    <p class='ocr_par' dir='ltr' id='par_1_1' title="bbox 87 262 725 1275">
     <span class='ocr_line' id='line_1_1' title="bbox 89 262 725 320; baseline -0.006 -14"><span class='ocrx_word' id='word_1_1' title='bbox 89 268 117 320; x_wconf 68' lang='lat'><strong>74</strong></span> <span class='ocrx_word' id='word_1_2' title='bbox 273 267 297 305; x_wconf 88' lang='lat' dir='ltr'><strong>D.</strong></span> <span class='ocrx_word' id='word_1_3' title='bbox 314 266 332 305; x_wconf 85' lang='lat' dir='ltr'><strong>J.</strong></span> <span class='ocrx_word' id='word_1_4' title='bbox 350 262 542 304; x_wconf 77' lang='lat' dir='ltr'><strong>Juvauttrs</strong></span> <span class='ocrx_word' id='word_1_5' title='bbox 638 266 725 305; x_wconf 67' lang='lat' dir='ltr'><strong>ross.</strong></span> 
     </span>
     <span class='ocr_line' id='line_1_2' title="bbox 88 336 594 387; baseline -0.012 -3"><span class='ocrx_word' id='word_1_6' title='bbox 88 344 132 383; x_wconf 88' lang='lat' dir='ltr'><strong>Nos</strong></span> <span class='ocrx_word' id='word_1_7' title='bbox 142 340 225 383; x_wconf 88' lang='lat' dir='ltr'><strong>utinam</strong></span> <span class='ocrx_word' id='word_1_8' title='bbox 235 338 294 381; x_wconf 81' lang='lat' dir='ltr'><strong>rani!</strong></span> <span class='ocrx_word' id='word_1_9' title='bbox 304 338 340 379; x_wconf 88' lang='lat' dir='ltr'><strong>sed</strong></span> <span class='ocrx_word' id='word_1_10' title='bbox 349 336 429 378; x_wconf 85' lang='lat' dir='ltr'><strong>clamat</strong></span> <span class='ocrx_word' id='word_1_11' title='bbox 438 336 524 377; x_wconf 85' lang='lat' dir='ltr'><strong>Pontia:</strong></span> <span class='ocrx_word' id='word_1_12' title='bbox 535 337 594 387; x_wconf 82' lang='lat' dir='ltr'><strong>Feci,</strong></span> 
     </span>
     <span class='ocr_line' id='line_1_3' title="bbox 87 409 574 469; baseline -0.014 -13"><span class='ocrx_word' id='word_1_13' title='bbox 87 414 202 464; x_wconf 77' lang='lat' dir='ltr'><strong>Confiteor,</strong></span> <span class='ocrx_word' id='word_1_14' title='bbox 212 411 324 469; x_wconf 86' lang='lat' dir='ltr'><strong>puerisque</strong></span> <span class='ocrx_word' id='word_1_15' title='bbox 334 410 387 453; x_wconf 84' lang='lat' dir='ltr'><strong>meis</strong></span> <span class='ocrx_word' id='word_1_16' title='bbox 396 410 480 451; x_wconf 83' lang='lat' dir='ltr'><strong>aconita</strong></span> <span class='ocrx_word' id='word_1_17' title='bbox 490 409 574 464; x_wconf 85' lang='lat' dir='ltr'><strong>paravi,</strong></span> 
     </span>
     <span class='ocr_line' id='line_1_4' title="bbox 90 480 669 545; baseline -0.009 -16"><span class='ocrx_word' id='word_1_18' title='bbox 90 491 141 545; x_wconf 83' lang='lat' dir='ltr'><strong>Quae</strong></span> <span class='ocrx_word' id='word_1_19' title='bbox 151 489 254 542; x_wconf 81' lang='lat' dir='ltr'><strong>deprensa</strong></span> <span class='ocrx_word' id='word_1_20' title='bbox 263 495 349 541; x_wconf 82' lang='lat' dir='ltr'><strong>patent:</strong></span> <span class='ocrx_word' id='word_1_21' title='bbox 360 485 445 527; x_wconf 83' lang='lat' dir='ltr'><strong>facinus</strong></span> <span class='ocrx_word' id='word_1_22' title='bbox 454 480 525 527; x_wconf 85' lang='lat' dir='ltr'><strong>tamen</strong></span> <span class='ocrx_word' id='word_1_23' title='bbox 536 484 581 538; x_wconf 83' lang='lat' dir='ltr'><strong>ipsa</strong></span> <span class='ocrx_word' id='word_1_24' title='bbox 590 483 669 538; x_wconf 76' lang='lat' dir='ltr'><strong>peregi.</strong></span> 
     </span>
     <span class='ocr_line' id='line_1_5' title="bbox 91 559 585 613; baseline -0.01 -10"><span class='ocrx_word' id='word_1_25' title='bbox 91 563 183 603; x_wconf 86' lang='lat' dir='ltr'><strong>-Tune</strong></span> <span class='ocrx_word' id='word_1_26' title='bbox 193 561 247 602; x_wconf 89' lang='lat' dir='ltr'><strong>duos</strong></span> <span class='ocrx_word' id='word_1_27' title='bbox 257 574 300 603; x_wconf 83' lang='lat' dir='ltr'><strong>una</strong></span> <span class='ocrx_word' id='word_1_28' title='bbox 310 560 423 602; x_wconf 81' lang='lat' dir='ltr'><strong>saevissima</strong></span> <span class='ocrx_word' id='word_1_29' title='bbox 432 559 503 613; x_wconf 80' lang='lat' dir='ltr'><strong>vipera</strong></span> <span class='ocrx_word' id='word_1_30' title='bbox 512 563 585 599; x_wconf 74' lang='lat' dir='ltr'><strong>coenat</strong></span> 
     </span>
     <span class='ocr_line' id='line_1_6' title="bbox 91 630 696 689; baseline -0.008 -13"><span class='ocrx_word' id='word_1_31' title='bbox 91 636 151 676; x_wconf 90' lang='lat' dir='ltr'><strong>Tune</strong></span> <span class='ocrx_word' id='word_1_32' title='bbox 160 635 226 677; x_wconf 77' lang='lat' dir='ltr'><strong>duos!</strong></span> <span class='ocrx_word' id='word_1_33' title='bbox 237 659 263 666; x_wconf 92' lang='lat'><em>-</em></span> <span class='ocrx_word' id='word_1_34' title='bbox 271 636 369 689; x_wconf 75' lang='lat' dir='ltr'><strong>Septem,</strong></span> <span class='ocrx_word' id='word_1_35' title='bbox 379 634 398 675; x_wconf 89' lang='lat' dir='ltr'><strong>si</strong></span> <span class='ocrx_word' id='word_1_36' title='bbox 407 641 488 688; x_wconf 85' lang='lat' dir='ltr'><strong>septem</strong></span> <span class='ocrx_word' id='word_1_37' title='bbox 498 631 553 673; x_wconf 82' lang='lat' dir='ltr'><strong>forte</strong></span> <span class='ocrx_word' id='word_1_38' title='bbox 562 630 659 672; x_wconf 82' lang='lat' dir='ltr'><strong>tuissent.</strong></span> <span class='ocrx_word' id='word_1_39' title='bbox 668 655 696 663; x_wconf 81' lang='lat'>-</span> 
     </span>
     <span class='ocr_line' id='line_1_7' title="bbox 90 705 642 765; baseline -0.007 -15"><span class='ocrx_word' id='word_1_40' title='bbox 90 710 208 751; x_wconf 83' lang='lat' dir='ltr'>Credamus</span> <span class='ocrx_word' id='word_1_41' title='bbox 219 710 314 765; x_wconf 74' lang='lat' dir='ltr'>tragicis,</span> <span class='ocrx_word' id='word_1_42' title='bbox 323 708 429 765; x_wconf 90' lang='lat' dir='ltr'><strong>quidquid</strong></span> <span class='ocrx_word' id='word_1_43' title='bbox 437 708 463 748; x_wconf 87' lang='lat' dir='ltr'><strong>de</strong></span> <span class='ocrx_word' id='word_1_44' title='bbox 472 705 572 749; x_wconf 82' lang='lat' dir='ltr'><strong>Colchide</strong></span> <span class='ocrx_word' id='word_1_45' title='bbox 582 715 642 747; x_wconf 87' lang='lat' dir='ltr'><strong>torva</strong></span> 
     </span>
     <span class='ocr_line' id='line_1_8' title="bbox 92 772 589 829; baseline -0.01 -6"><span class='ocrx_word' id='word_1_46' title='bbox 92 782 173 824; x_wconf 84' lang='lat' dir='ltr'><strong>Dicitur</strong></span> <span class='ocrx_word' id='word_1_47' title='bbox 182 793 203 825; x_wconf 91' lang='lat' dir='ltr'><strong>et</strong></span> <span class='ocrx_word' id='word_1_48' title='bbox 212 785 298 825; x_wconf 84' lang='lat' dir='ltr'><strong>Procne.</strong></span> <span class='ocrx_word' id='word_1_49' title='bbox 309 784 343 825; x_wconf 91' lang='lat' dir='ltr'><strong>Nil</strong></span> <span class='ocrx_word' id='word_1_50' title='bbox 353 793 429 824; x_wconf 88' lang='lat' dir='ltr'><strong>contra</strong></span> <span class='ocrx_word' id='word_1_51' title='bbox 437 772 510 829; x_wconf 83' lang='lat' dir='ltr'><strong>conor,</strong></span> <span class='ocrx_word' id='word_1_52' title='bbox 519 788 540 819; x_wconf 94' lang='lat' dir='ltr'><strong>et</strong></span> <span class='ocrx_word' id='word_1_53' title='bbox 549 778 589 819; x_wconf 72' lang='lat' dir='ltr'><strong>itte</strong></span> 
     </span>
     <span class='ocr_line' id='line_1_9' title="bbox 92 853 662 909; baseline -0.009 -12"><span class='ocrx_word' id='word_1_54' title='bbox 92 858 185 899; x_wconf 78' lang='lat' dir='ltr'>Grandia</span> <span class='ocrx_word' id='word_1_55' title='bbox 194 868 290 901; x_wconf 89' lang='lat' dir='ltr'><strong>monstra</strong></span> <span class='ocrx_word' id='word_1_56' title='bbox 299 858 343 899; x_wconf 82' lang='lat' dir='ltr'><strong>suis</strong></span> <span class='ocrx_word' id='word_1_57' title='bbox 352 857 462 899; x_wconf 79' lang='lat' dir='ltr'><strong>audebant</strong></span> <span class='ocrx_word' id='word_1_58' title='bbox 470 853 614 909; x_wconf 84' lang='lat' dir='ltr'><strong>temporibus;</strong></span> <span class='ocrx_word' id='word_1_59' title='bbox 623 854 662 893; x_wconf 77' lang='lat' dir='ltr'><strong>secl</strong></span> 
     </span>
     <span class='ocr_line' id='line_1_10' title="bbox 94 925 662 985; baseline -0.011 -14"><span class='ocrx_word' id='word_1_60' title='bbox 94 933 143 972; x_wconf 83' lang='lat' dir='ltr'><strong>Non</strong></span> <span class='ocrx_word' id='word_1_61' title='bbox 153 940 240 985; x_wconf 88' lang='lat' dir='ltr'><strong>propter</strong></span> <span class='ocrx_word' id='word_1_62' title='bbox 249 945 358 973; x_wconf 87' lang='lat' dir='ltr'>nummos.</span> <span class='ocrx_word' id='word_1_63' title='bbox 369 930 439 971; x_wconf 86' lang='lat' dir='ltr'>Minor</span> <span class='ocrx_word' id='word_1_64' title='bbox 447 926 561 969; x_wconf 84' lang='lat' dir='ltr'><strong>admiratio</strong></span> <span class='ocrx_word' id='word_1_65' title='bbox 569 925 662 966; x_wconf 81' lang='lat' dir='ltr'><strong>summis</strong></span> 
     </span>
     <span class='ocr_line' id='line_1_11' title="bbox 94 1001 627 1059; baseline -0.011 -14"><span class='ocrx_word' id='word_1_66' title='bbox 94 1005 186 1045; x_wconf 78' lang='lat' dir='ltr'>Debetur</span> <span class='ocrx_word' id='word_1_67' title='bbox 196 1004 402 1059; x_wconf 45' lang='lat' dir='ltr'><strong>monstrissquoties</strong></span> <span class='ocrx_word' id='word_1_68' title='bbox 412 1001 464 1042; x_wconf 84' lang='lat' dir='ltr'><strong>iacit</strong></span> <span class='ocrx_word' id='word_1_69' title='bbox 472 1001 504 1041; x_wconf 90' lang='lat' dir='ltr'><strong>ira</strong></span> <span class='ocrx_word' id='word_1_70' title='bbox 513 1008 627 1041; x_wconf 78' lang='lat' dir='ltr'><strong>nocentem</strong></span> 
     </span>
     <span class='ocr_line' id='line_1_12' title="bbox 94 1073 635 1131; baseline -0.009 -13"><span class='ocrx_word' id='word_1_71' title='bbox 94 1080 155 1119; x_wconf 82' lang='lat' dir='ltr'><strong>iiunc</strong></span> <span class='ocrx_word' id='word_1_72' title='bbox 165 1090 239 1117; x_wconf 82' lang='lat' dir='ltr'><strong>sexum</strong></span> <span class='ocrx_word' id='word_1_73' title='bbox 248 1093 253 1117; x_wconf 92' lang='lat'><strong>:</strong></span> <span class='ocrx_word' id='word_1_74' title='bbox 263 1078 321 1118; x_wconf 81' lang='lat' dir='ltr'>rabie</span> <span class='ocrx_word' id='word_1_75' title='bbox 327 1078 391 1131; x_wconf 87' lang='lat' dir='ltr'><strong>jecur</strong></span> <span class='ocrx_word' id='word_1_76' title='bbox 400 1075 526 1117; x_wconf 80' lang='lat' dir='ltr'><strong>incendente</strong></span> <span class='ocrx_word' id='word_1_77' title='bbox 536 1073 635 1115; x_wconf 80' lang='lat' dir='ltr'><strong>feruntur</strong></span> 
     </span>
     <span class='ocr_line' id='line_1_13' title="bbox 96 1148 658 1205; baseline -0.007 -13"><span class='ocrx_word' id='word_1_78' title='bbox 96 1150 223 1205; x_wconf 80' lang='lat' dir='ltr'><strong>Praecipites;</strong></span> <span class='ocrx_word' id='word_1_79' title='bbox 234 1160 258 1191; x_wconf 90' lang='lat' dir='ltr'><strong>ut</strong></span> <span class='ocrx_word' id='word_1_80' title='bbox 267 1162 317 1191; x_wconf 83' lang='lat' dir='ltr'><strong>saxa</strong></span> <span class='ocrx_word' id='word_1_81' title='bbox 324 1148 383 1203; x_wconf 76' lang='lat' dir='ltr'><strong>jugis</strong></span> <span class='ocrx_word' id='word_1_82' title='bbox 393 1149 496 1202; x_wconf 79' lang='lat' dir='ltr'><strong>abrupta,</strong></span> <span class='ocrx_word' id='word_1_83' title='bbox 505 1148 584 1201; x_wconf 82' lang='lat' dir='ltr'><strong>quibus</strong></span> <span class='ocrx_word' id='word_1_84' title='bbox 594 1160 658 1188; x_wconf 80' lang='lat' dir='ltr'><strong>mons</strong></span> 
     </span>
     <span class='ocr_line' id='line_1_14' title="bbox 96 1221 623 1275; baseline -0.006 -9"><span class='ocrx_word' id='word_1_85' title='bbox 96 1223 241 1272; x_wconf 77' lang='lat' dir='ltr'><strong>Subtrahitur,</strong></span> <span class='ocrx_word' id='word_1_86' title='bbox 250 1222 347 1275; x_wconf 84' lang='lat' dir='ltr'><strong>clivoque</strong></span> <span class='ocrx_word' id='word_1_87' title='bbox 357 1221 414 1263; x_wconf 88' lang='lat' dir='ltr'><strong>latus</strong></span> <span class='ocrx_word' id='word_1_88' title='bbox 423 1221 528 1275; x_wconf 81' lang='lat' dir='ltr'><strong>pendente</strong></span> <span class='ocrx_word' id='word_1_89' title='bbox 538 1222 623 1263; x_wconf 85' lang='lat' dir='ltr'><strong>recedit.</strong></span> 
     </span>
    </p>

    <p class='ocr_par' dir='ltr' id='par_1_2' title="bbox 95 1291 754 2069">
     <span class='ocr_line' id='line_1_15' title="bbox 125 1291 754 1349; baseline -0.003 -14"><span class='ocrx_word' id='word_1_90' title='bbox 125 1294 186 1336; x_wconf 84' lang='lat' dir='ltr'><strong>liiam</strong></span> <span class='ocrx_word' id='word_1_91' title='bbox 193 1308 231 1349; x_wconf 77' lang='lat' dir='ltr'><strong>ego</strong></span> <span class='ocrx_word' id='word_1_92' title='bbox 238 1306 281 1335; x_wconf 90' lang='lat' dir='ltr'><strong>non</strong></span> <span class='ocrx_word' id='word_1_93' title='bbox 288 1291 754 1349; x_wconf 77' lang='lat' dir='ltr'><strong>tulerim‚quaecomputat‚etscciusingens</strong></span> 
     </span>
     <span class='ocr_line' id='line_1_16' title="bbox 95 1365 614 1421; baseline -0.004 -12"><span class='ocrx_word' id='word_1_94' title='bbox 95 1370 153 1421; x_wconf 45' lang='lat' dir='ltr'><strong>¹Sana</strong></span> <span class='ocrx_word' id='word_1_95' title='bbox 163 1366 220 1408; x_wconf 84' lang='lat' dir='ltr'><strong>iacit.</strong></span> <span class='ocrx_word' id='word_1_96' title='bbox 231 1368 330 1420; x_wconf 85' lang='lat' dir='ltr'><strong>Spectant</strong></span> <span class='ocrx_word' id='word_1_97' title='bbox 339 1366 469 1406; x_wconf 87' lang='lat' dir='ltr'><strong>subeuntem</strong></span> <span class='ocrx_word' id='word_1_98' title='bbox 480 1365 524 1407; x_wconf 85' lang='lat' dir='ltr'><strong>fata</strong></span> <span class='ocrx_word' id='word_1_99' title='bbox 534 1365 614 1407; x_wconf 84' lang='lat' dir='ltr'><strong>mariti</strong></span> 
     </span>
     <span class='ocr_line' id='line_1_17' title="bbox 97 1435 583 1490; baseline -0.008 -10"><span class='ocrx_word' id='word_1_100' title='bbox 97 1438 209 1487; x_wconf 64' lang='lat' dir='ltr'><strong>Alcestim</strong></span> <span class='ocrx_word' id='word_1_101' title='bbox 220 1446 251 1486; x_wconf 71' lang='lat' dir='ltr'><strong>et,</strong></span> <span class='ocrx_word' id='word_1_102' title='bbox 262 1435 336 1477; x_wconf 87' lang='lat' dir='ltr'><strong>similis</strong></span> <span class='ocrx_word' id='word_1_103' title='bbox 346 1436 363 1476; x_wconf 88' lang='lat' dir='ltr'><strong>si</strong></span> <span class='ocrx_word' id='word_1_104' title='bbox 373 1436 504 1490; x_wconf 77' lang='lat' dir='ltr'><strong>permutatio</strong></span> <span class='ocrx_word' id='word_1_105' title='bbox 514 1437 583 1486; x_wconf 87' lang='lat' dir='ltr'><strong>detur,</strong></span> 
     </span>
     <span class='ocr_line' id='line_1_18' title="bbox 99 1506 604 1561; baseline -0.008 -9"><span class='ocrx_word' id='word_1_106' title='bbox 99 1512 166 1552; x_wconf 87' lang='lat' dir='ltr'><strong>Morte</strong></span> <span class='ocrx_word' id='word_1_107' title='bbox 175 1508 214 1549; x_wconf 82' lang='lat' dir='ltr'><strong>viri</strong></span> <span class='ocrx_word' id='word_1_108' title='bbox 224 1507 311 1561; x_wconf 86' lang='lat' dir='ltr'><strong>cupiant</strong></span> <span class='ocrx_word' id='word_1_109' title='bbox 321 1506 417 1548; x_wconf 83' lang='lat' dir='ltr'><strong>animam</strong></span> <span class='ocrx_word' id='word_1_110' title='bbox 426 1520 508 1548; x_wconf 83' lang='lat' dir='ltr'><strong>servare</strong></span> <span class='ocrx_word' id='word_1_111' title='bbox 518 1506 604 1553; x_wconf 83' lang='lat' dir='ltr'><strong>cateliae.</strong></span> 
     </span>
     <span class='ocr_line' id='line_1_19' title="bbox 97 1576 638 1633; baseline -0.007 -12"><span class='ocrx_word' id='word_1_112' title='bbox 97 1581 218 1622; x_wconf 87' lang='lat' dir='ltr'><strong>Obourrent</strong></span> <span class='ocrx_word' id='word_1_113' title='bbox 227 1577 300 1619; x_wconf 69' lang='lat' dir='ltr'><strong>multe</strong></span> <span class='ocrx_word' id='word_1_114' title='bbox 311 1578 349 1619; x_wconf 92' lang='lat' dir='ltr'><strong>tibi</strong></span> <span class='ocrx_word' id='word_1_115' title='bbox 359 1576 438 1619; x_wconf 72' lang='lat' dir='ltr'><strong>Belides</strong></span> <span class='ocrx_word' id='word_1_116' title='bbox 448 1588 512 1633; x_wconf 84' lang='lat' dir='ltr'><strong>atque</strong></span> <span class='ocrx_word' id='word_1_117' title='bbox 521 1577 638 1633; x_wconf 75' lang='lat' dir='ltr'><strong>Eriphylae:</strong></span> 
     </span>
     <span class='ocr_line' id='line_1_20' title="bbox 101 1635 661 1707; baseline -0.007 -12"><span class='ocrx_word' id='word_1_118' title='bbox 101 1655 162 1695; x_wconf 85' lang='lat' dir='ltr'><strong>Mane</strong></span> <span class='ocrx_word' id='word_1_119' title='bbox 170 1651 355 1707; x_wconf 80' lang='lat' dir='ltr'><strong>Clytaemnestram</strong></span> <span class='ocrx_word' id='word_1_120' title='bbox 365 1650 437 1692; x_wconf 88' lang='lat' dir='ltr'><strong>nuilus</strong></span> <span class='ocrx_word' id='word_1_121' title='bbox 447 1665 491 1692; x_wconf 89' lang='lat' dir='ltr'><strong>non</strong></span> <span class='ocrx_word' id='word_1_122' title='bbox 500 1651 558 1693; x_wconf 84' lang='lat' dir='ltr'><strong>vicus</strong></span> <span class='ocrx_word' id='word_1_123' title='bbox 567 1635 661 1693; x_wconf 77' lang='lat' dir='ltr'><strong>habebit.</strong></span> 
     </span>
     <span class='ocr_line' id='line_1_21' title="bbox 101 1724 673 1781; baseline -0.003 -13"><span class='ocrx_word' id='word_1_124' title='bbox 101 1728 144 1768; x_wconf 84' lang='lat' dir='ltr'><strong>iioc</strong></span> <span class='ocrx_word' id='word_1_125' title='bbox 154 1735 238 1767; x_wconf 83' lang='lat' dir='ltr'><strong>tantum</strong></span> <span class='ocrx_word' id='word_1_126' title='bbox 249 1724 325 1774; x_wconf 81' lang='lat' dir='ltr'><strong>refert,</strong></span> <span class='ocrx_word' id='word_1_127' title='bbox 334 1726 392 1780; x_wconf 93' lang='lat' dir='ltr'><strong>quod</strong></span> <span class='ocrx_word' id='word_1_128' title='bbox 402 1727 418 1767; x_wconf 89' lang='lat' dir='ltr'>T</span> <span class='ocrx_word' id='word_1_129' title='bbox 419 1725 504 1781; x_wconf 75' lang='lat' dir='ltr'><strong>yndaris</strong></span> <span class='ocrx_word' id='word_1_130' title='bbox 513 1724 550 1767; x_wconf 89' lang='lat' dir='ltr'><strong>iiia</strong></span> <span class='ocrx_word' id='word_1_131' title='bbox 558 1726 673 1779; x_wconf 89' lang='lat' dir='ltr'><strong>bipennem</strong></span> 
     </span>
     <span class='ocr_line' id='line_1_22' title="bbox 101 1796 623 1856; baseline -0.004 -17"><span class='ocrx_word' id='word_1_132' title='bbox 101 1797 207 1840; x_wconf 84' lang='lat' dir='ltr'><strong>Insuisam</strong></span> <span class='ocrx_word' id='word_1_133' title='bbox 217 1806 238 1839; x_wconf 91' lang='lat' dir='ltr'><strong>et</strong></span> <span class='ocrx_word' id='word_1_134' title='bbox 247 1796 330 1839; x_wconf 82' lang='lat' dir='ltr'><strong>fatuam</strong></span> <span class='ocrx_word' id='word_1_135' title='bbox 340 1798 413 1839; x_wconf 81' lang='lat' dir='ltr'><strong>dextra</strong></span> <span class='ocrx_word' id='word_1_136' title='bbox 422 1796 516 1856; x_wconf 68' lang='lat' dir='ltr'><strong>levaque</strong></span> <span class='ocrx_word' id='word_1_137' title='bbox 526 1797 623 1839; x_wconf 86' lang='lat' dir='ltr'><strong>tenebat:</strong></span> 
     </span>
     <span class='ocr_line' id='line_1_23' title="bbox 101 1868 598 1924; baseline -0.008 -11"><span class='ocrx_word' id='word_1_138' title='bbox 101 1874 127 1913; x_wconf 79' lang='lat' dir='ltr'><strong>dt</strong></span> <span class='ocrx_word' id='word_1_139' title='bbox 137 1882 194 1911; x_wconf 89' lang='lat' dir='ltr'><strong>nunc</strong></span> <span class='ocrx_word' id='word_1_140' title='bbox 204 1882 235 1910; x_wconf 83' lang='lat' dir='ltr'><strong>res</strong></span> <span class='ocrx_word' id='word_1_141' title='bbox 245 1868 316 1924; x_wconf 81' lang='lat' dir='ltr'><strong>agitur</strong></span> <span class='ocrx_word' id='word_1_142' title='bbox 325 1868 384 1911; x_wconf 92' lang='lat' dir='ltr'><strong>tenui</strong></span> <span class='ocrx_word' id='word_1_143' title='bbox 394 1868 496 1924; x_wconf 88' lang='lat' dir='ltr'><strong>pulmone</strong></span> <span class='ocrx_word' id='word_1_144' title='bbox 506 1870 598 1918; x_wconf 77' lang='lat' dir='ltr'><strong>rubetae3</strong></span> 
     </span>
     <span class='ocr_line' id='line_1_24' title="bbox 100 1931 594 1999; baseline -0.006 -14"><span class='ocrx_word' id='word_1_145' title='bbox 100 1944 141 1985; x_wconf 86' lang='lat' dir='ltr'><strong>Sed</strong></span> <span class='ocrx_word' id='word_1_146' title='bbox 152 1953 223 1986; x_wconf 90' lang='lat' dir='ltr'><strong>tamen</strong></span> <span class='ocrx_word' id='word_1_147' title='bbox 233 1952 254 1985; x_wconf 87' lang='lat' dir='ltr'><strong>et</strong></span> <span class='ocrx_word' id='word_1_148' title='bbox 263 1942 331 1995; x_wconf 78' lang='lat' dir='ltr'><strong>ferro,</strong></span> <span class='ocrx_word' id='word_1_149' title='bbox 340 1944 357 1985; x_wconf 90' lang='lat' dir='ltr'><strong>si</strong></span> <span class='ocrx_word' id='word_1_150' title='bbox 367 1931 505 1999; x_wconf 64' lang='lat' dir='ltr'><strong>praegustabit</strong></span> <span class='ocrx_word' id='word_1_151' title='bbox 514 1942 594 1983; x_wconf 76' lang='lat' dir='ltr'><strong>Atrides</strong></span> 
     </span>
     <span class='ocr_line' id='line_1_25' title="bbox 102 2014 594 2069; baseline -0.006 -12"><span class='ocrx_word' id='word_1_152' title='bbox 102 2017 189 2059; x_wconf 81' lang='lat' dir='ltr'><strong>Pontica</strong></span> <span class='ocrx_word' id='word_1_153' title='bbox 198 2027 230 2059; x_wconf 87' lang='lat' dir='ltr'><strong>ter</strong></span> <span class='ocrx_word' id='word_1_154' title='bbox 239 2016 287 2059; x_wconf 88' lang='lat' dir='ltr'><strong>victi</strong></span> <span class='ocrx_word' id='word_1_155' title='bbox 296 2026 371 2059; x_wconf 83' lang='lat' dir='ltr'><strong>cautus</strong></span> <span class='ocrx_word' id='word_1_156' title='bbox 381 2014 524 2059; x_wconf 82' lang='lat' dir='ltr'><strong>medicamina</strong></span> <span class='ocrx_word' id='word_1_157' title='bbox 534 2014 594 2069; x_wconf 72' lang='lat' dir='ltr'><strong>regis.</strong></span> 
     </span>
    </p>
   </div>
   <div class='ocr_carea' id='block_1_2' title="bbox 786 205 788 282">
    <p class='ocr_par' dir='ltr' id='par_1_3' title="bbox 786 205 788 282">
     <span class='ocr_line' id='line_1_26' title="bbox 786 205 787 230; baseline 0 0"><span class='ocrx_word' id='word_1_158' title='bbox 786 205 787 230; x_wconf 72' lang='lat' dir='ltr'><strong>t</strong></span> 
     </span>
     <span class='ocr_line' id='line_1_27' title="bbox 786 243 788 282; baseline 0 0"><span class='ocrx_word' id='word_1_159' title='bbox 786 243 788 282; x_wconf 81' lang='lat' dir='ltr'><strong>i</strong></span> 
     </span>
    </p>
   </div>
   <div class='ocr_carea' id='block_1_3' title="bbox 1347 0 1385 2642">
    <p class='ocr_par' dir='ltr' id='par_1_4' title="bbox 1347 0 1385 2642">
     <span class='ocr_line' id='line_1_28' title="bbox 1347 0 1385 2642; baseline 0 0"><span class='ocrx_word' id='word_1_160' title='bbox 1347 0 1385 2642; x_wconf 95' lang='lat' dir='ltr'><strong> </strong></span> 
     </span>
    </p>
   </div>
  </div>
 </body>
</html>
