1584 2642
33 215 102 269 191.
275 212 393 255 strrltt
411 212 437 253 V.
629 225 667 266 ¹9⁷

35 303 123 345 Publica
132 301 166 344 lex
174 300 301 352 hominum,
310 311 431 356 naturaque
440 299 534 343 continet
543 299 584 342 hoo
594 299 637 351 las,

36 379 62 418 Ut
72 385 143 418 teneat
152 374 227 417 vetitos
236 375 320 418 inscitia
329 375 404 417 debilis
414 384 486 416 actus:

37 449 103 491 Diluis
112 447 259 498 helleborum,
268 458 327 490 certo
335 461 469 503 compescere
478 456 559 501 puncto

37 522 127 563 Nescius
136 534 225 562 examen
233 535 238 559 :
249 530 305 562 vetat
313 520 355 561 hoc
363 529 441 562 natura
449 518 555 562 medendi.

37 596 121 637 Navem
130 594 148 635 si
157 603 231 649 poscat
239 593 279 634 sibi
289 601 404 649 peronatus
413 601 485 634 arator

36 666 128 709 Luciferi
137 666 209 716 rudis,
218 665 322 707 exclamet
330 665 437 706 Melicerta
446 664 524 720 perisse

37 743 138 782 Frontem
148 738 174 780 de
183 739 254 780 rebus.
263 737 310 779 Tibi
319 747 377 779 recto
387 736 455 778 vivere
464 737 507 779 telo

38 815 75 855 irs
84 813 156 855 dediti
165 821 186 853 et
195 813 238 854 veri
247 811 338 866 speciem
347 811 470 866 dignoscere
479 808 552 860 calles,

41 892 72 930 Ne
81 901 125 943 qua
134 888 241 930 subaerato
250 886 379 928 mendosum
389 885 467 927 tinniat
475 889 540 926 auro?

40 964 133 1017 Quaeque
142 959 250 1014 sequenda
259 958 340 1007 forent,
349 970 439 1014 quaque
448 956 547 999 evitanda
556 955 659 1009 vicissim,

38 1036 75 1078 llla
84 1035 145 1091 priua
153 1043 221 1085 creta,
231 1048 282 1076 mox
290 1034 335 1076 hac
344 1033 437 1075 carbone
445 1031 536 1074 notastit

40 1111 65 1151 Et
73 1107 172 1150 modicus
181 1107 236 1156 voti,
244 1119 317 1162 presso
325 1105 380 1155 lare,
389 1102 458 1146 dulcis
467 1101 541 1145 amicis
549 1118 553 1146 :

39 1181 87 1221 lam
96 1192 155 1220 nunc
164 1177 292 1232 adstringam
298 1175 347 1233 jam
356 1189 414 1218 nunc
424 1175 521 1231 granaria
531 1174 586 1218 laxes
594 1193 598 1216 z

12 1261 14 1267 '
39 1256 105 1309 loque
114 1253 161 1295 luto
171 1252 238 1294 lixum
247 1251 314 1307 possis
323 1251 470 1293 transcendere
479 1264 607 1300 nummum,

40 1329 83 1368 Nec
92 1325 163 1382 glutto
171 1325 256 1367 sorbere
265 1323 353 1365 salivam
364 1323 523 1365 Mercurialem?

41 1401 87 1441 flac
96 1405 216 1446 mearunt,
227 1405 299 1445 teneo,
309 1409 360 1437 cum
370 1409 417 1437 vere
427 1395 514 1446 dixeris,
524 1405 569 1437 esto

41 1470 156 1524 Liberque,
165 1482 190 1510 ac
199 1467 292 1522 sapiens,
303 1467 440 1522 praetoribus,
450 1481 474 1508 ac
483 1470 534 1509 Jove
543 1467 628 1508 dextro:

40 1543 75 1584 sin
85 1551 121 1591 tu,
131 1552 182 1582 cum
191 1538 257 1580 fueris
267 1549 343 1580 nostre
350 1537 416 1593 paulo
426 1549 474 1580 ante
484 1537 569 1588 farine,

40 1613 164 1657 Pelliculam
173 1622 265 1654 veterem
275 1611 362 1660 retines,
372 1620 393 1651 et
402 1609 472 1651 fronte
482 1608 560 1663 politus

40 1692 139 1732 laturam
148 1687 224 1742 rapido
233 1700 303 1727 servas
312 1687 352 1727 sub
361 1694 445 1739 pectore
455 1683 552 1738 vulpem

40 1766 91 1822 Quae
100 1761 202 1804 dederam
210 1773 285 1815 supra,
296 1769 378 1815 repeto,
387 1757 505 1812 funemque
515 1757 599 1798 reduco.

41 1837 76 1879 llil
87 1834 127 1878 tibi
136 1834 239 1876 concessit
248 1833 313 1875 ratio:
324 1832 415 1886 digitum
425 1844 495 1880 exere3
505 1843 590 1884 peccas:

41 1914 66 1954 Et
75 1910 129 1966 quid
139 1918 183 1950 tam
192 1921 283 1963 parvum
292 1914 335 1949 est?
343 1909 379 1948 sed
389 1905 449 1947 nullo
459 1907 521 1947 thure
530 1903 612 1955 litabis,

43 1987 124 2027 demat
132 1982 155 2022 in
164 1981 237 2022 stultis
244 1981 312 2022 brevis
322 1990 346 2021 ut
354 1979 465 2020 semuncia
476 1976 533 2019 recti.

45 2060 91 2100 liae
101 2055 189 2097 miscere
198 2053 270 2095 nefas:
280 2067 318 2094 nec
328 2066 379 2094 cum
388 2051 416 2092 sis
426 2060 500 2093 caetera
509 2050 583 2098 fossor,

43 2134 93 2175 Tres
103 2138 190 2172 tantum
198 2130 336 2170 adnumeres
345 2127 403 2168 satiri
414 2139 511 2166 moveare
521 2124 615 2181 Bathylli.

71 2205 134 2249 Liber
143 2204 193 2258 ego!
203 2203 261 2244 unde
270 2203 346 2244 datum
354 2202 395 2243 hoc
404 2200 482 2250 sumit¹
493 2209 525 2242 tot
534 2199 617 2242 subdite
627 2199 701 2241 rebus!
