1584 2642
38 244 102 296 err.
262 230 381 286 stitit
399 231 431 286 'rr
637 259 660 299 ι,

39 336 64 376 Et
71 341 163 375 mturare
171 330 240 375 viros:
250 330 333 375 iaciunt
342 333 364 374 hi
373 332 446 389 plum
455 334 493 376 ted
501 332 549 376 illos

40 405 134 447 Defendit
142 418 257 454 numerus,
264 404 388 461 junctaeque
397 406 492 448 umbone
501 405 622 463 phalanges.

40 480 112 532 Magne
121 476 176 518 inter
185 476 260 518 molles
269 478 396 519 concordia:
406 492 450 519 non
460 479 500 521 erit
509 478 579 521 ullum

38 546 161 603 Exemplum
170 547 193 589 in
203 557 276 590 nostro
285 557 331 589 tam
340 548 464 591 detestabile
472 563 530 591 sexu.

38 618 106 661 ledia
114 632 158 660 non
168 617 244 660 lambit
252 618 360 669 claviam,
371 633 410 661 nec
419 620 481 662 rtem
489 620 607 664 Catullum:

39 692 104 747 llippo
113 690 276 746 subitjuvenes‚
286 701 308 734 et
317 693 394 733 morbo
403 692 468 747 pallet
476 704 575 749 utroque.

38 766 148 821 Numquid
158 779 197 807 nos
206 766 290 820 agimus
300 771 386 808 causast
395 767 465 808 civilia
470 767 522 822 jure

38 840 151 891 Novimus,
162 850 200 883 eut
209 839 253 882 ullo
262 840 352 896 strepitu
361 840 409 882 fora
417 850 487 881 vestra
495 847 620 882 movemus?

37 914 154 956 Luctantur
162 926 247 968 pauore,
256 910 374 955 comedunt
383 911 476 967 coliphia
484 924 557 967 pauore
565 926 570 951 ε

39 987 80 1028 Vos
90 986 162 1028 lanam
172 984 267 1035 trahitis,
277 985 409 1041 calathisque
417 995 504 1041 peracte
514 985 596 1029 refertis
606 990 612 1022 t

39 1060 133 1102 Vellera:
144 1072 180 1101 vos
190 1059 249 1102 terrui
259 1068 404 1114 pregnantem
414 1059 504 1101 stamine
515 1059 589 1106 iusum

38 1133 139 1189 Penelope
150 1131 238 1180 melius,
248 1131 313 1173 levius
324 1132 426 1185 torquetis
435 1132 542 1182 Arechrt'e3

38 1204 125 1247 Horrida
134 1203 197 1259 quale
207 1202 259 1244 facit
268 1202 359 1243 residens
368 1202 391 1243 in
400 1202 473 1244 codiee
482 1202 555 1259 pellex.

65 1278 148 1319 Notum
158 1284 200 1324 est,
210 1287 249 1316 our
258 1273 303 1315 solo
313 1272 396 1315 tabulas
407 1273 527 1329 impleverit
535 1274 603 1317 trister

37 1352 131 1401 liberto,
141 1348 224 1390 dederit
232 1348 292 1389 vivus
302 1360 340 1388 eur
350 1346 420 1388 multe
428 1347 511 1402 puelle.

34 1423 93 1464 Dives
102 1422 154 1472 erit,
164 1434 242 1475 magno
251 1432 298 1474 quae
308 1418 388 1460 dormit
396 1418 459 1460 tertia
467 1419 528 1461 lecto.

34 1498 65 1538 Tu
74 1497 133 1539 nube
143 1504 207 1550 atque
217 1504 275 1536 tace:
286 1494 366 1534 donent
375 1504 454 1534 arcana
462 1494 575 1549 cylindros.

35 1568 62 1609 lle
71 1568 135 1609 nobis
145 1575 193 1623 post
202 1566 246 1608 hac
256 1565 321 1608 tristis
330 1564 435 1606 sententia
444 1565 525 1608 fertur:

36 1640 72 1682 liet
81 1639 168 1683 veniam
178 1638 257 1689 corvis,
266 1646 328 1679 vemt
337 1650 427 1679 censure
436 1636 554 1679 columbas

35 1785 152 1827 ruceium
162 1782 238 1838 trepidi
248 1796 296 1823 vera
305 1796 330 1823 ao
339 1780 454 1823 manifesta
462 1790 574 1823 canentem

35 1858 138 1899 Stoicidae.
149 1855 205 1911 Quid
214 1854 272 1895 enirn
282 1854 329 1896 falsi
338 1856 439 1896 Laronia!
448 1855 486 1895 sed
493 1852 547 1907 quid

34 1928 80 1970 Non
89 1928 172 1971 facient
181 1925 227 1977 elii,
236 1940 306 1981 quum
316 1936 340 1967 tu
349 1925 446 1966 multicia
454 1938 538 1974 sumas,

33 2000 122 2050 ctetica,
132 1998 219 2041 ethaeo
228 2008 308 2039 restem
317 1995 398 2053 populo
407 1995 499 2037 mirante
508 2007 592 2050 perores

34 2072 56 2111 ln
64 2070 165 2113 Proculas
174 2079 196 2113 et
204 2069 300 2112 Pollitast
308 2072 343 2111 Est
353 2068 436 2111 moeeha
444 2065 545 2107 Fabullet

34 2145 158 2196 damnetur,
167 2146 184 2187 si
195 2145 236 2196 vis,
245 2146 311 2188 etiam
320 2144 423 2193 Carfinia3
434 2140 498 2183 talem

33 2217 78 2258 Non
87 2228 161 2261 sumet
171 2216 274 2259 damnata
284 2226 363 2270 togam.
373 2216 413 2257 Sed
420 2214 488 2257 Julius
497 2213 569 2262 erdet3

563 2295 573 2322 2
