1584 2642
46 229 67 255 u.
80 226 120 269 92.
299 214 419 256 stttltt
437 216 453 256 Ι,
664 230 685 257 ιι

47 302 178 357 Armigero!
189 300 309 356 Simplexne
318 301 380 343 furor
388 301 483 344 sestertia
493 312 582 345 centum

47 377 154 425 Perdere,
165 384 187 416 et
195 374 290 416 horrenti
301 376 397 417 tunicam
407 390 451 417 non
460 377 547 418 reddere
555 382 627 419 servo?

80 520 137 576 Quis
149 518 239 561 totidem
249 520 314 561 erexit
323 518 394 561 villas?
404 520 451 575 quis
460 518 541 562 fercula
549 531 630 576 septem

51 592 139 632 Secreto
150 591 241 632 eoenavit
249 597 313 631 erus?
322 592 385 633 Nune
394 592 490 647 sportula
499 592 571 647 primo

51 662 138 703 Limine
147 676 213 717 perva
223 664 292 713 sedet,
303 664 370 705 turbae
381 664 483 719 rapienda
491 673 574 717 togam.

51 734 91 776 lile
102 744 178 777 tamen
187 734 264 776 faciem
274 735 333 789 prius
341 734 438 790 inspicit,
448 745 469 776 et
479 733 581 789 trepidat,
590 746 617 775 ue

52 807 183 861 suppositus
193 806 274 856 venias,
284 820 309 847 ac
318 805 372 847 falso
381 806 471 847 nomine
479 818 565 860 poecae:

52 878 143 935 Agnitus
153 876 246 932 adcipiee
254 894 258 919 ε
266 876 331 932 jubet
339 891 352 918 a
361 890 458 933 przecone
467 876 538 917 vocari

53 954 112 1007 Ipsos
122 949 265 1006 Trojugenas3
276 950 341 1006 (nam
351 960 428 992 vexant
437 949 504 992 limen
513 959 535 992 et
542 950 583 1005 ipsi

54 1022 189 1078 Nobiscum)
199 1023 226 1064 da
235 1023 330 1077 praetori,
341 1024 368 1064 da
378 1022 454 1064 deinde
464 1015 558 1065 trib'uno.

54 1098 95 1140 Sed
106 1096 218 1139 libertinus
227 1096 286 1152 prior
296 1106 327 1139 est
335 1112 340 1151 ς
349 1086 415 1151 prior,
425 1096 507 1151 inquit,
515 1110 554 1151 ego
563 1095 647 1140 adsum.

55 1171 97 1213 eur
107 1170 210 1211 timeam?
218 1168 341 1211 dubitemve
352 1169 425 1209 iocum
435 1166 559 1218 defendere,
570 1169 668 1224 quemvie

55 1244 124 1284 uatus
134 1242 162 1283 ud
170 1240 304 1296 Euphraten,
315 1238 390 1281 molles
399 1240 458 1294 quod
466 1240 489 1281 in
498 1252 550 1282 aure
560 1239 656 1283 fenestre

55 1315 179 1371 Arguerint,
189 1313 290 1370 iicetqrse
299 1319 387 1369 negem?
396 1314 436 1355 S'ed
445 1314 540 1369 quinque
551 1315 643 1357 taberne

56 1360 209 1448 Quadringinia
218 1398 306 1444 parant:
317 1388 369 1443 quid
378 1387 461 1429 confert
469 1401 567 1443 purpure
575 1386 651 1445 rnnjor¹

56 1464 190 1519 Optumum,
200 1462 218 1503 si
227 1462 326 1504 Laurenti
336 1462 429 1505 custodit
437 1462 460 1502 in
469 1475 520 1517 agro

57 1536 176 1577 conductas
186 1533 289 1576 Corvinus
298 1538 358 1575 oves!
367 1535 411 1587 Ego
420 1533 516 1587 possideo
524 1533 573 1588 pinu

58 1606 148 1649 Pallante
158 1616 179 1647 et
187 1604 275 1647 Licinis:
286 1615 407 1661 exspectent
416 1618 465 1661 ergo
475 1605 570 1647 tribuni:

58 1680 148 1722 Vincant
157 1678 244 1728 divitiae;
255 1690 314 1719 sacro
324 1692 362 1719 nee
371 1678 433 1720 cedat
441 1678 529 1729 honori,

59 1755 129 1809 Nuper
138 1753 161 1793 in
169 1752 225 1793 hanc
235 1753 311 1793 urbem
321 1752 411 1807 pedibus
419 1752 457 1808 qni
466 1762 553 1795 venerat
561 1752 627 1795 albu:

60 1826 234 1884 Quandoquidem
244 1827 347 1868 internos
356 1827 489 1869 sanctissima
498 1826 622 1868 divitiarum

61 1901 165 1957 Maiestam
175 1900 224 1951 etei,
235 1900 319 1943 funesta
327 1900 430 1949 Pecunia,
440 1898 520 1953 tempio

61 1975 159 2015 Nondum
168 1973 261 2022 habitae,
272 1973 342 2015 nullas
351 1982 495 2017 nummorum
504 1971 610 2014 ereximus
619 1986 678 2024 arat,

22 2034 23 2045 ¹
62 2048 87 2088 Ut
94 2045 168 2088 colitur
175 2048 226 2093 tax,
237 2056 299 2101 atque
310 2046 380 2096 Fides,
390 2042 495 2091 Victoria,
505 2042 589 2097 Virtus,

64 2122 150 2177 Quoque
158 2120 250 2165 salutato
260 2121 350 2175 crepitat
358 2117 476 2162 Concordia
485 2116 543 2158 nido.
