1584 2642
135 274 188 311 no*
312 267 336 305 D.
354 266 372 305 J.
390 263 581 306 Juvnrtttls

131 358 213 401 Scilicet
221 356 327 405 horreres,
336 352 461 409 majoraque
471 365 566 398 monstra
574 365 671 411 putares,

132 432 152 472 Si
163 428 239 483 mulier
248 426 351 477 vitulum,
361 427 392 469 vel
403 428 419 469 si
430 429 468 470 bos
476 430 547 472 ederet
555 437 649 485 agnum!

131 504 252 556 segmenta,
262 508 283 539 et
292 498 365 554 longos
373 499 471 552 habitus,
481 511 502 543 et
512 501 613 545 flammea
621 502 698 553 sumit,

130 577 211 616 Arcano
220 572 256 627 qui
265 576 325 613 saera
333 572 403 615 ierens
411 576 511 617 nutantia
519 575 565 617 loro

129 644 216 687 Sudavit
225 643 301 699 clypeis
310 644 421 688 ancilibus.
431 648 447 687 0
456 656 516 702 pater
524 648 595 690 urbis!

129 717 188 758 Unde
197 714 256 765 nefas
267 725 351 759 tanturn
361 717 423 759 Latiis
433 718 566 773 pastoribus?
576 720 633 761 unde

129 792 175 832 llaec
185 788 263 844 tetigit,
272 791 369 843 Gradive,
380 802 429 835 tuos
438 792 507 834 urtica
515 798 615 847 nepotes?

129 860 227 903 Traditur
236 877 284 905 ecce
293 864 337 905 viro
347 862 417 905 cletus
427 876 513 919 genere,
522 873 586 919 atque
596 863 673 919 opibus
681 864 722 905 virt

129 938 172 977 Nec
181 934 262 989 galeam
272 952 370 992 quassas,
379 950 419 979 nee
429 947 508 979 terrain
517 937 604 993 cuspide
612 936 695 992 pulsas,

129 1008 172 1052 Nec
182 1010 275 1063 quereris
285 1012 352 1065 patrit
361 1012 421 1053 Vade
430 1024 491 1065 ergo,
501 1022 522 1053 et
531 1011 581 1053 cede
590 1012 656 1053 severi

126 1081 238 1137 iugeribus
247 1081 329 1136 campi,
339 1095 404 1135 quem
414 1080 507 1135 negligis.
517 1081 617 1124 officium
628 1096 675 1125 eras

127 1155 197 1197 Primo
207 1154 250 1196 sole
259 1154 312 1195 milri
322 1154 467 1210 peragendum
477 1154 500 1194 in
509 1153 561 1194 valle
571 1155 661 1209 Quirini.

128 1230 179 1285 Quae
188 1240 252 1268 eausa
261 1226 339 1267 oflicii?
349 1225 404 1281 Quid
413 1223 502 1279 quaeris?
511 1223 575 1265 nubit
583 1226 677 1277 amicus,

128 1303 171 1343 Nec
180 1300 260 1343 multos
269 1299 362 1341 adhibet.
372 1296 442 1339 Liceat
451 1297 517 1338 modo
526 1296 607 1338 vivere:
617 1296 680 1351 lient,

127 1374 187 1416 Fient
195 1373 235 1416 ista
244 1369 328 1427 palam,
338 1370 425 1425 cupient
434 1368 485 1411 etin
495 1380 543 1411 acta
553 1368 632 1411 referri.

127 1449 208 1489 interea
216 1452 348 1487 tormentum
359 1442 434 1497 ingens
442 1442 573 1485 nubentibus
582 1442 659 1493 haeret,

128 1519 190 1575 Quod
198 1526 307 1573 nequeunt
316 1530 401 1571 parere,
411 1526 432 1558 et
441 1526 504 1571 partu
514 1517 603 1559 retinere
613 1518 707 1561 maritos.

126 1591 166 1632 Sed
175 1589 262 1639 melius,
272 1588 329 1643 quod
340 1586 369 1629 nil
379 1587 457 1629 animis
466 1588 488 1630 in
498 1602 587 1644 corpora
593 1587 650 1643 juris

126 1663 207 1706 Natura
216 1660 323 1717 indulget:
334 1660 414 1703 steriles
424 1661 554 1710 moriuntur,
563 1671 584 1704 et
593 1662 634 1704 illis

125 1734 217 1789 Turgidu
225 1747 269 1776 non
278 1733 364 1787 prodest
373 1733 458 1775 condita
468 1733 543 1789 pyxide
553 1733 618 1789 Lyde,

125 1806 168 1848 Nee
178 1805 263 1861 prodest
272 1803 321 1859 agili
329 1803 412 1859 palmas
421 1804 514 1860 prebere
522 1806 624 1859 Luperco.

123 1952 186 1994 Victr
196 1960 217 1993 et
227 1950 267 1992 boc
277 1958 399 1991 monstrum
409 1948 498 1991 tunicati
508 1946 591 1990 fuscina
599 1948 701 2000 Gracchi,

123 2024 268 2078 Lustravitque
277 2022 329 2078 luga
338 2021 432 2063 medinm
442 2020 546 2075 gladiator
554 2016 654 2071 arenamss

123 2095 148 2136 Et
156 2094 278 2149 Capitolinis
288 2092 415 2148 generosior,
424 2100 445 2131 et
454 2090 567 2140 Marcellis,

123 2170 148 2210 Et
156 2166 225 2223 Catuli
234 2165 335 2220 Paulique
344 2164 474 2213 minoribus,
484 2174 505 2208 et
514 2164 594 2214 Fabiis,
604 2174 625 2206 et

124 2239 228 2283 Omnibus
238 2240 264 2281 ad
273 2238 362 2295 podium
371 2238 530 2294 spectantibus:
539 2238 572 2279 his
581 2237 630 2280 licet
639 2238 709 2294 ipsum
769 2209 770 2240 ἶ

131 2317 254 2366 'dmoveas,
263 2312 325 2368 cujus
333 2322 384 2355 tune
396 2326 485 2355 munere
494 2312 547 2355 retia
555 2311 619 2354 misit.

676 275 696 308 v.
709 271 745 306 ltn
