1584 2642
60 253 129 309 '¹⁴⁶¹
282 255 401 296 SdTlllA
420 256 477 295 Vll.
669 272 696 310 77

62 342 88 382 Et
96 354 145 395 quse
155 341 261 383 conducto
270 341 364 396 pendent
372 342 493 384 anabathra
504 342 582 399 tigillo,

64 414 159 470 Quaque
169 414 301 467 reportandis
311 413 379 468 posita
389 423 421 456 est
430 414 539 457 orchestra
547 415 661 457 cathedris.

63 486 108 526 Nos
119 494 193 527 tamen
202 485 242 526 boe
251 484 347 539 agimus,
358 484 460 539 tenuique
469 486 491 527 in
501 487 588 540 pulvere
596 486 667 529 sulcos

64 558 180 607 Docimus,
190 568 211 600 et
220 558 270 601 litus
279 558 343 601 sterili
354 572 463 601 versamus
472 570 550 602 aratro.

65 634 122 674 Nsrn
132 632 150 673 si
160 632 266 680 discedas,
276 633 352 687 laqueo
363 642 421 675 tenet
429 634 539 675 ambitiosi

9 742 11 763 v
64 706 203 748 Consuetudo
213 706 274 755 mnli3
285 715 342 748 tenet
352 706 470 747 insanabile
479 708 560 749 multos

65 777 176 819 scribendi
185 778 307 829 cacoethes,
317 788 338 819 et
346 792 401 833 seqre
411 779 433 819 in
443 779 506 821 eorde
515 781 611 822 senescit.

9 932 10 961 l
64 926 105 966 Sto
115 933 187 966 vatem
196 925 315 981 egregium,
326 926 361 967 cui
370 925 451 967 nonsit
459 924 546 980 publiea
555 939 619 977 rena,

66 999 107 1057 Qui
118 999 148 1039 nil
158 1000 279 1055 expositum
289 1000 356 1042 soleat
365 1001 481 1049 deducere,
491 1013 530 1041 nee
539 1000 576 1053 qui

8 1070 9 1101 ἶ
64 1071 183 1113 Communi
194 1070 256 1112 feriat
265 1084 352 1113 carmen
362 1070 445 1113 triviale
454 1080 552 1121 moneta3

65 1144 126 1185 llune
135 1143 222 1197 qualem
232 1157 315 1198 nequeo
326 1152 455 1191 monstrare.
465 1154 486 1186 et
497 1144 565 1185 sentio
576 1154 672 1196 nutum,

66 1216 175 1258 anxietate
184 1229 258 1257 carens
267 1217 353 1257 animus
363 1216 425 1266 lacit,
434 1216 506 1258 omnis
514 1218 586 1259 acerbi

7 1278 9 1285 i
66 1290 193 1345 Impatiens.
203 1291 294 1345 cupidus
302 1290 423 1346 sylvarum,
433 1301 539 1347 aptusque
549 1292 646 1333 bibendis

64 1364 169 1405 Fontibus
178 1363 292 1405 Aonidum¹
304 1365 376 1418 Neque
385 1364 445 1405 enim
454 1375 541 1407 cantare
549 1366 590 1407 sub
599 1377 663 1407 antro

64 1436 144 1485 Pierio,
155 1436 279 1491 thyrsumve
289 1444 358 1489 potest
367 1437 489 1492 contingere
498 1451 551 1478 sans

64 1510 192 1563 Paupertas,
202 1517 266 1563 etque
275 1508 322 1549 aeris
330 1508 402 1563 inops,
412 1523 456 1565 quo
465 1519 528 1551 noete
537 1509 613 1564 dieque

65 1580 148 1635 Corpus
158 1589 211 1634 eget.
221 1583 284 1621 Satur
293 1590 329 1625 est
339 1595 409 1635 quum
418 1581 471 1623 dicit
480 1581 589 1632 Horatius,
600 1582 670 1624 suoi!

65 1652 119 1708 Quis
129 1651 189 1693 loeus
198 1651 295 1706 ingenio,
305 1652 345 1693 nisi
354 1666 424 1706 quum
433 1667 456 1694 se
464 1653 559 1698 carmine
568 1653 614 1695 solo

65 1726 162 1774 Vexent,
172 1735 193 1767 et
202 1726 295 1767 dominis
304 1726 383 1769 Cirrha
392 1729 497 1783 stoqne
506 1726 606 1769 feruntur

64 1802 153 1842 Pectora
163 1809 236 1842 nostra
245 1801 299 1842 duss
308 1814 352 1843 non
360 1801 497 1843 admittentia
505 1806 580 1842 curssl

65 1872 149 1926 Magnae
159 1872 238 1914 mentis
246 1886 311 1927 opus,
321 1886 360 1914 nee
369 1874 395 1915 de
405 1872 473 1915 lodice
482 1873 577 1927 paranda

67 1942 181 1993 Attonitae,
190 1957 277 1993 currus,
288 1954 309 1986 et
318 1958 395 1998 equos,
404 1942 510 1997 faciesque
519 1944 611 1984 deornm

64 2015 190 2069 aspicere,
200 2025 222 2057 et
230 2015 299 2070 qualis
308 2016 414 2057 llutnlum
423 2013 544 2057 confundat
551 2014 648 2071 Erinnys.

65 2084 125 2131 Nam
135 2088 153 2129 si
163 2088 251 2144 Virgilio
261 2103 322 2144 puers
330 2099 351 2131 ot
359 2087 470 2131 tolerabile
478 2088 560 2129 deesset

7 2202 8 2205 ,
66 2163 202 2219 Hospitium,
213 2164 312 2205 caderent
322 2177 398 2205 omnes
407 2177 420 2206 s
428 2162 524 2204 crinibus
533 2161 607 2219 hydri3

7 2222 8 2253 ³
63 2238 137 2282 Surda
146 2236 201 2280 nibil
211 2246 305 2293 gemeret
314 2250 377 2294 grave
386 2237 484 2282 bussina.
494 2236 603 2280 Pessimus
612 2245 637 2279 ut
644 2237 673 2278 sit
