1584 2642
112 220 151 274 ,φ
350 218 376 259 r·
391 218 503 260 rrrsrr

109 309 233 350 Verrentem
242 320 298 357 sese,
307 305 388 350 trustra
396 308 503 350 sectabere
513 307 630 357 canthum,

109 383 165 424 Cum
175 391 221 423 rota
230 380 334 436 posterior
342 395 427 431 curras,
437 391 458 423 et
468 381 489 422 in
499 394 536 422 axe
545 381 647 422 secunde.

109 455 215 498 Libertate
224 468 278 509 opus
287 464 329 503 est,
338 467 385 496 non
391 454 444 504 hac,
454 454 576 509 utquisque
586 454 664 496 Velina

109 526 197 568 Publius
206 526 309 575 emeruit,
317 526 439 567 scabiosum
445 525 550 567 'tesserula
559 525 592 566 lar

108 600 209 643 Possidet
219 602 263 642 lieu
272 601 352 642 steriles
362 600 416 650 veri,
425 600 504 656 quibus
514 613 558 642 une
567 599 678 656 Quiritem

110 674 197 729 Vertigo
206 672 266 715 iacit!
277 674 314 715 llic
322 675 390 716 bama
400 682 430 716 est
439 687 483 716 non
493 674 564 715 tressis
573 687 648 729 agaso,

110 746 195 800 Veppa,
205 745 286 801 lippus,
296 754 316 787 et
325 745 347 787 in
358 745 418 788 tenui
428 745 533 799 farragine
543 746 641 786 mendax.

110 818 202 860 Venerit
210 818 269 860 hune
278 819 391 868 dominus,
401 828 512 860 momento
522 817 614 859 turbinis
623 818 666 860 exit

109 891 195 931 Marcus
203 892 277 931 Deme.
286 891 357 944 Popoe!
368 875 439 931 Marco
449 889 577 943 spondente,
587 901 673 930 recusas

110 963 199 1004 Credere
209 973 233 1005 tu
242 968 358 1004 nummos?
368 964 439 1004 Marco
449 961 570 1017 subjudice
579 960 659 1016 palles?

110 1039 194 1078 Marcus
204 1036 268 1078 dixit:
279 1035 310 1078 ita
319 1046 356 1078 est.
366 1036 469 1090 Adsignn,
479 1037 560 1084 Marce,
570 1033 665 1076 tabellas.

109 1111 156 1151 lloec
167 1122 226 1150 mera
235 1108 332 1156 libertus,
341 1109 383 1150 hoc
392 1109 455 1150 nobis
462 1107 517 1162 pilea
527 1108 615 1150 donant.

109 1183 141 1223 An
150 1181 265 1234 quisquam
275 1189 306 1220 est
315 1179 369 1221 alius
378 1179 439 1229 liber,
449 1179 490 1220 nisi
499 1179 577 1220 ducere
586 1178 655 1220 vitam

108 1251 148 1294 Cui
158 1251 217 1300 licet,
228 1259 253 1292 ut
261 1249 340 1292 voluitr
350 1248 409 1300 licet,
421 1260 445 1292 ut
455 1250 514 1301 volo,
524 1251 606 1292 virere:
617 1263 661 1292 non
670 1250 713 1292 sim

110 1323 205 1364 Liberior
214 1324 291 1363 Bruto?
301 1321 400 1362 Meudose
410 1321 502 1377 colligis,
513 1322 583 1377 inquit

112 1398 196 1440 Stoicus
205 1396 251 1445 hic,
261 1408 337 1437 turem
348 1396 443 1437 mordaci
453 1395 510 1438 lotus
520 1406 586 1439 aceto.

110 1472 154 1512 Hoc
164 1468 271 1523 reliquum
281 1466 375 1522 accipio:
385 1480 446 1509 nrerr
456 1467 520 1518 illud,
531 1477 551 1510 et
561 1481 589 1509 ur
599 1480 665 1520 rouo,
676 1469 732 1511 tolle.

111 1541 222 1591 Vindicta,
233 1550 347 1596 postquam
356 1554 419 1582 meus
428 1554 441 1583 a
450 1543 540 1583 l’rretore
548 1541 635 1590 recessi,

111 1619 156 1660 Cur
165 1616 219 1658 milri
228 1629 272 1658 non
281 1614 354 1666 liceat,
360 1614 426 1671 jussit
435 1617 579 1672 quodcunque
588 1615 699 1667 roluntas,

111 1695 214 1747 Excepto,
224 1691 302 1747 siquid
312 1693 391 1734 Masuri
401 1690 486 1733 rubrica
495 1690 585 1732 vetavitl

113 1766 186 1808 Disce:
196 1767 233 1807 sed
241 1765 273 1806 im
282 1767 344 1806 eadat
355 1778 418 1815 naso,
428 1777 547 1819 rugosaque
556 1777 634 1813 senne,

113 1838 170 1878 Dum
180 1846 259 1879 veteres
268 1836 325 1878 avias
335 1836 374 1878 tibi
383 1837 410 1878 de
420 1834 523 1892 pulmone
533 1834 617 1877 revello.

58 1941 61 1946 .
114 1910 164 1950 Non
173 1908 269 1964 praetoris
277 1917 323 1950 eret
330 1907 401 1949 stultis
410 1908 460 1949 dare
469 1907 542 1948 tenuia
551 1919 626 1948 rerum

114 1980 201 2031 officia,
211 1989 275 2034 etque
284 1993 349 2021 usum
358 1980 436 2034 rupida
445 1979 568 2033 permittere
579 1978 632 2020 vito.

115 2052 245 2093 sambucum
255 2051 317 2092 citius
325 2051 394 2092 caloni
405 2051 508 2106 aptaveris
517 2051 567 2093 ulto.

116 2125 162 2164 Stat
171 2133 245 2164 contra
253 2123 319 2172 ratio,
328 2132 350 2165 et
357 2132 460 2164 secretam
471 2123 536 2178 garrit
545 2124 568 2164 in
575 2136 663 2173 eurem,

118 2195 151 2235 Ne
159 2193 222 2236 liceat
230 2193 299 2238 locere
308 2193 342 2248 id,
351 2194 411 2249 quod
419 2193 467 2249 quis
477 2193 561 2240 vitiabit
569 2196 658 2251 agendo.

679 234 747 272 v.71.
775 203 776 208 Ἰ
