1584 2642
16 249 38 280 v.
56 239 111 291 ¹²4·
221 238 231 252 '
251 240 371 284 struit
387 242 440 285 XV.
623 249 659 290 161

17 325 74 380 Qua
82 337 130 366 nec
139 324 243 371 terribiles
249 326 341 377 Cimbri,
350 342 390 370 nec
399 329 493 372 Britones
502 341 612 386 uuquam¹

19 401 210 455 Saummathue
218 409 298 451 truces,
307 412 345 444 aut
354 403 460 446 immanes
468 405 592 462 Agathyrsi,¹

21 473 71 513 llac
81 470 146 512 saevit
153 472 211 514 rabie
220 473 305 515 imbelle
314 484 336 516 et
344 475 420 518 inutile
429 475 515 530 vulgus,

22 542 126 584 Parvula
135 541 235 585 fictilibus
244 544 333 586 solitum
342 547 392 588 darc
402 546 448 587 vela
458 547 547 601 phaselis
553 581 563 600 ι

22 618 52 658 Et
60 616 169 660 brevibm
177 618 239 673 picta
248 618 312 662 remis
320 618 445 674 incumbere
457 629 525 666 testa„

24 767 75 808 Nnc
86 779 178 822 poenam
188 767 261 810 sceleri
270 768 374 818 invenies,
383 783 423 810 nec
432 769 496 824 digna
504 770 589 824 parabis

26 837 145 893 Supplicia
153 837 187 879 his
196 839 291 894 populis,
300 840 323 880 in
332 853 427 894 quorum
437 849 508 882 mente
520 853 579 894 pares
589 849 640 883 sunt

26 911 55 951 Et
64 908 152 951 similas
160 909 192 950 ira
203 919 267 964 atque
276 908 351 952 fames.
360 910 485 952 Mollissima
493 911 558 952 corda

29 984 139 1024 Humano
148 982 220 1036 generi
228 982 279 1024 dare
287 996 309 1023 se
316 991 394 1024 natura
404 982 493 1034 fatetur,

29 1056 85 1111 Qua
94 1053 204 1109 lacrymas
213 1053 272 1096 dedit
281 1069 286 1094 :
295 1054 340 1096 hcc
348 1055 416 1096 nostri
425 1068 474 1110 pars
485 1055 566 1110 optima
576 1058 654 1100 sensus.

30 1127 123 1170 Plorarc
132 1140 183 1182 ergo
189 1125 254 1182 jubet
262 1141 349 1169 causant
358 1127 447 1170 dicentis
454 1127 518 1170 amici

32 1200 207 1254 squaloremque
216 1200 257 1249 rei,
267 1199 373 1256 pupillum
383 1202 410 1242 ad
416 1201 468 1256 jura
476 1210 588 1248 vocantem

34 1271 265 1326 circumscriptorem,
274 1273 337 1328 cujus
346 1273 457 1315 manantia
466 1273 524 1326 lictu

34 1347 80 1388 Ora
89 1345 197 1402 puellares
207 1345 289 1389 iaciunt
297 1348 378 1389 incerte
386 1347 464 1402 capilli.

38 1421 131 1463 Natura
141 1419 231 1476 imperio
241 1421 357 1476 gemimus,
367 1434 436 1475 quum
446 1420 512 1463 funus
521 1420 600 1464 adulte

38 1495 136 1550 Virginis
145 1495 248 1543 occurrit,
258 1493 290 1535 vel
302 1504 360 1539 terta
366 1494 473 1536 clauditur
482 1494 552 1536 infans

38 1570 66 1610 Et
74 1570 150 1610 minor
161 1569 209 1624 igne
218 1567 270 1622 rogi.
280 1567 332 1622 Quis
340 1567 399 1607 enim
409 1567 490 1616 bonus,
500 1576 521 1609 et
531 1567 576 1609 iace
584 1567 662 1622 dignus

40 1642 136 1689 Arcana,
145 1639 232 1694 qualem
240 1638 320 1680 Cereris
329 1636 376 1678 vult
384 1650 428 1678 esse
435 1638 544 1687 sacerdos,

40 1713 90 1754 Ulla
99 1712 169 1754 aliena
178 1711 219 1752 sibi
227 1711 299 1751 credat
308 1706 378 1751 malai
387 1709 473 1762 Separat
482 1707 522 1748 hoc
531 1721 571 1748 not

42 1787 59 1828 Δ
70 1799 133 1842 grege
143 1793 254 1826 mutorum
265 1799 270 1823 ε
280 1790 344 1836 atque
354 1780 401 1821 ideo
412 1780 531 1822 venerabile
541 1780 580 1822 soli

43 1857 118 1902 sortiti
127 1856 250 1911 ingenium,
259 1853 424 1906 divinorumque
433 1865 531 1907 capaces,

43 1932 114 1987 Atque
123 1929 244 1972 exercendis
252 1924 401 1983 capiendisque
410 1923 492 1966 artibus
501 1924 557 1979 apti,

47 2007 138 2047 Seruum
148 2017 161 2045 a
170 2001 247 2045 coelesti
256 2000 373 2043 demissum
384 1998 487 2040 traximus
496 2011 555 2047 arce,

46 2077 115 2132 eujus
123 2085 185 2132 egent
193 2088 261 2130 prona
270 2083 291 2116 et
298 2083 377 2115 terram
386 2070 510 2127 spectantia.
520 2070 594 2112 Mundi

48 2148 154 2203 Principio
164 2145 254 2188 indulsit
262 2143 385 2188 communis
395 2142 493 2186 conditor
502 2141 543 2184 illis

52 2218 249 2270 Trasumenum,
257 2217 320 2259 nobis
328 2215 428 2260 animum
435 2227 531 2271 quoquc3
541 2224 632 2257 mutuus
639 2225 664 2258 ut
671 2227 710 2257 nos

587 2302 610 2332 rr
