1584 2642
103 250 129 290 φ
280 233 303 273 o.
320 233 338 273 r.
357 201 559 271 Juvauirrsss
655 244 676 272 v.
690 232 739 284 ¹⁷4·
788 235 790 320 p

100 322 229 367 Permistum
238 320 310 365 nautis
318 329 339 363 et
348 318 445 368 furibus,
454 331 479 361 ac
487 317 595 373 fugitivis,

100 398 159 438 Inter
168 393 276 437 carnifices
285 401 306 433 et
314 390 387 433 fabros
397 389 571 446 sandapilarum,

102 470 128 510 Et
137 465 253 523 resupinati
263 464 367 507 cessantia
375 474 479 520 tympana
488 462 548 506 Galli.

102 545 167 595 AEqua
176 539 206 580 ibi
216 538 314 591 libertas,
322 539 449 581 communia
458 536 546 593 pocula,
555 537 623 580 lectus

102 616 152 656 Nou
161 612 215 654 alius
224 612 337 668 cuiquam,
347 627 386 655 nec
396 626 471 654 mansa
479 610 581 655 remotior
590 610 636 653 ulli.

102 685 158 743 Quid
168 684 233 729 iacias
242 684 307 729 talem
316 685 414 736 sortitus,
423 683 625 735 Pontice,soreumt

103 762 185 815 Nempe
194 759 218 802 in
226 760 323 803 Lucanos
331 767 370 801 aut
378 760 447 800 Tusca
456 755 562 813 ergastula
571 756 651 798 mittas.

103 837 129 878 llt
137 848 185 885 ros,
195 834 331 891 Trojugeua,
340 833 401 876 robis
409 830 517 889 ignoscitis
525 863 531 883 ,
539 839 561 872 et
569 843 617 885 quae

103 906 183 962 Turpia
192 906 290 959 cadoni,
299 905 399 957 Volesos,
408 906 526 958 Brutusque
534 903 646 945 docebunt

101 1054 169 1109 Quin,
180 1052 197 1093 si
207 1066 320 1109 uunquam
329 1052 382 1094 adeo
392 1051 464 1103 fredis,
473 1050 568 1106 adeoque
577 1050 686 1108 pudendis

101 1124 186 1165 Utimur
195 1123 307 1179 exemplis,
318 1131 342 1164 ut
351 1136 395 1164 nou
404 1122 478 1178 pejora
486 1123 605 1178 supersiutl

100 1194 222 1239 Consumtis
232 1194 309 1249 opibus
317 1207 403 1244 vocem,
412 1194 549 1250 Damasippo,
558 1194 633 1238 locasti

100 1267 193 1324 Sipario,
202 1265 322 1309 clamosum
332 1255 404 1321 ageres
414 1274 438 1307 ut
447 1265 550 1310 Phasma:
559 1265 637 1310 Catulli

99 1339 227 1383 Laureolum
236 1337 296 1380 velox
305 1336 370 1379 etiam
379 1338 434 1379 bene
442 1337 545 1381 lentulus
553 1338 606 1396 egit,

100 1412 173 1456 iudice
183 1425 228 1463 rne,
237 1411 315 1466 dignus
324 1424 373 1453 vera
382 1424 452 1453 cruce.
461 1412 505 1453 Nec
516 1421 588 1454 tamen
598 1411 638 1469 ipsi

100 1487 198 1541 Ignoscas
206 1480 299 1538 populo:
309 1482 383 1537 populi
392 1482 454 1525 frons
462 1483 538 1525 durior
545 1483 612 1541 hujus
628 1536 631 1540 ¹

100 1558 142 1614 Qui
151 1557 220 1609 sodet,
229 1565 251 1598 et
259 1564 340 1611 spectat
350 1556 459 1599 triscurria
467 1557 619 1613 patriciorum,

100 1629 223 1685 Planipedes
232 1628 293 1671 audit
301 1628 388 1681 Fabios,
398 1629 466 1673 ridere
475 1640 545 1685 potest
553 1631 591 1687 qui

100 1707 258 1748 Mamercorum
267 1703 345 1760 alapas.
354 1704 434 1759 Quanti
443 1716 482 1745 sua
491 1702 569 1746 funera
577 1703 682 1756 vendant,

99 1778 156 1838 Quid
165 1776 240 1820 referti
250 1779 356 1828 vendunt,
365 1776 426 1821 uullo
435 1786 522 1833 cogente
531 1778 628 1830 Nerone,

99 1855 143 1895 Nec
152 1851 253 1894 dubitant
260 1850 313 1894 Celsi
322 1850 418 1908 pratoris
427 1851 516 1893 vendere
525 1849 588 1893 ludis.

99 1926 163 1981 Finge
173 1934 245 1966 tamen
254 1923 334 1979 gladios
343 1924 404 1973 inde,
413 1932 478 1979 atque
487 1921 537 1964 hinc
546 1921 629 1979 pulpita
638 1935 712 1977 pone:

99 2000 155 2058 Quid
163 1998 241 2043 satiust
250 2008 343 2041 mortem
352 1998 382 2041 sic
390 1996 506 2052 quisquam
515 1996 636 2048 exhorruit,
646 2006 672 2040 ut
681 1999 713 2043 sit

97 2071 210 2127 Zelotypus
219 2070 342 2129 Thymeles,
351 2067 431 2125 stupidi
440 2067 519 2123 collega
528 2069 637 2112 Corinthii

98 2148 137 2189 Res
146 2144 204 2186 haud
214 2145 269 2187 mira
278 2154 361 2192 umen,
371 2140 488 2183 citharoedo
496 2142 603 2199 Principe,
612 2143 696 2190 mimus

99 2214 187 2258 Nobilis.
197 2218 244 2258 llac
252 2214 310 2261 ultra
318 2214 371 2270 quid
379 2213 421 2256 erit
428 2214 469 2257 uisi
478 2214 554 2260 ludus!
562 2225 584 2261 et
592 2215 647 2260 illud
