1584 2642
111 229 150 271 iss
283 229 307 269 u.
325 228 343 268 t.
361 226 553 268 iuventtis
673 229 735 280 sis.

107 325 219 378 Egyptus:
229 321 266 362 sed
275 319 371 370 luxuria,
380 329 487 376 quantum
497 320 541 375 ipse
550 318 633 370 notavi,

106 394 198 435 Barbara
208 391 291 434 famoso
300 405 343 433 non
353 392 410 434 cedit
420 393 483 434 turba
491 393 584 447 Canopo.
648 401 649 408 ¹

107 466 165 507 adde
174 465 233 519 quod
242 474 263 506 et
272 463 339 506 tacitis
348 463 436 506 victoria
446 465 472 505 de
481 463 571 504 madidis
580 471 602 504 et

107 538 187 588 Blaesis,
197 549 261 593 atque
270 552 330 580 mero
340 538 491 581 titubantibus.
501 539 551 579 lnde
561 538 659 581 virorum

108 610 201 653 §altatus
210 611 271 665 nigro
281 610 379 661 tibicine,
388 609 554 665 qualiacumque

108 686 221 740 Unguenta
229 694 251 727 et
260 684 334 734 flores,
343 684 459 739 multaeque
468 684 490 725 in
500 683 570 729 imnte
579 697 676 737 coronse;

108 758 161 801 llinc
167 758 270 815 jejunum
280 759 362 801 odium.
371 759 411 801 Sed
417 758 491 814 jurgia
499 758 569 814 prima
578 771 655 800 sonare

106 834 215 890 Incipiunt
224 834 301 876 animis
309 834 445 882 ardentibus;
455 833 500 874 htec
510 834 563 875 tuba
573 833 634 875 rixa:

108 906 159 947 Dein
170 907 264 948 clamore
272 907 319 962 pari
329 905 471 954 concurritur,
480 915 501 946 et
510 905 554 946 vice
565 904 599 946 teli

108 981 171 1022 Saevit
179 982 238 1022 nuda
247 995 331 1023 manus.
341 983 413 1022 Pauca
423 979 467 1020 sine
477 978 564 1021 vulnere
574 979 635 1022 nale
645 995 650 1021 :

108 1054 149 1095 Vir
159 1053 271 1108 cuiquam,
281 1064 319 1096 aut
327 1054 394 1105 nulli,
403 1062 449 1095 toto
458 1053 575 1094 certamine
584 1067 649 1095 nasus

108 1126 197 1178 integer.
207 1125 327 1179 Adspiceres
333 1125 381 1180 jam
390 1134 468 1167 cuncta
477 1139 514 1180 per
524 1126 609 1180 agmina
619 1125 693 1169 vultus

108 1197 223 1247 Dimidios,
232 1197 284 1239 alias
294 1197 369 1249 iacies,
378 1209 400 1240 et
409 1198 490 1257 hiantia
500 1199 568 1254 ruptis

109 1274 160 1314 Ossa
168 1271 238 1327 genis,
248 1271 322 1326 plenos
330 1272 444 1313 oculorum
454 1273 557 1329 sanguine
567 1287 657 1330 pugnos.

108 1344 189 1386 Ludere
198 1357 220 1384 se
230 1344 320 1384 credunt
329 1343 368 1398 ipsi
378 1353 462 1394 tamen,
472 1354 493 1386 et
502 1344 592 1400 pueriles

108 1419 208 1460 Exercere
216 1416 282 1464 acies,
292 1417 350 1471 quod
360 1416 419 1458 nulla
429 1418 530 1459 cadavera
539 1417 627 1461 calcent.

109 1493 134 1533 Et
142 1504 193 1532 sane
203 1503 246 1545 quo
256 1498 288 1532 tot
298 1490 385 1533 rixantis
395 1490 464 1546 millia
474 1493 553 1543 turbae,

108 1563 130 1604 Si
139 1562 214 1604 vivunt
223 1568 311 1604 omnes?
319 1565 373 1619 Ergo
383 1564 452 1605 aerior
460 1564 564 1620 impetus;
574 1574 595 1607 et
601 1564 649 1620 jam

109 1636 162 1677 Sara
171 1633 277 1676 inclinatis
286 1649 325 1691 per
333 1636 428 1677 humum
437 1637 524 1690 quesita
534 1636 617 1679 lacertis

108 1707 217 1763 Incipiunt
227 1718 335 1764 torquere,
346 1709 463 1751 domestica
471 1709 577 1752 seditione

773 397 785 434 d

108 1781 171 1822 Tela:
182 1795 221 1822 nec
230 1781 288 1823 hunc
298 1782 402 1837 lapidem,
412 1781 485 1836 quales
495 1792 515 1824 et
524 1784 609 1826 Turnus
618 1794 640 1826 et
647 1784 712 1839 dian,
785 1829 786 1836 ,

109 1852 149 1894 Vel
158 1866 202 1907 quo
211 1853 300 1909 Tydides
310 1854 413 1909 percussit
422 1854 514 1909 pondere
522 1867 599 1897 coxam

110 1927 188 1975 AEnue,
198 1926 234 1965 sed
243 1939 309 1979 quem
317 1925 401 1966 valeant
410 1925 507 1967 emittere
516 1927 594 1968 dextrae

109 1996 153 2038 lllis
162 1998 285 2048 dissimiles,
294 2009 315 2040 et
323 2009 398 2040 nostro
408 2009 503 2054 tempore
513 2010 575 2043 nata.

110 2069 167 2108 Num
177 2082 243 2122 genus
252 2070 292 2110 linc
301 2070 349 2111 rivo
355 2070 403 2123 jam
412 2071 546 2114 decrescebat
555 2075 654 2114 Homero.

109 2141 174 2181 Terra
183 2140 251 2182 malus
259 2142 357 2182 homines
366 2155 425 2183 nunc
435 2144 512 2185 educat
520 2153 584 2200 atque
595 2145 693 2201 pusillos:

110 2213 163 2267 Ergo
173 2214 226 2256 deus
234 2214 365 2270 quicumque
374 2216 481 2271 adspexit,
490 2218 544 2261 ridet
553 2229 574 2262 et
583 2220 634 2263 odit.
