1584 2642
316 5 318 7 .
366 5 373 8 ,.
381 3 453 27 ...ἡ

111 215 149 243 112
288 207 311 246 l).
329 207 347 246 J.
363 203 556 246 JUVENALIS
657 218 678 246 v.
691 209 745 247 251.

108 293 226 344 Adtendis,
235 304 342 348 quantum
350 294 377 334 de
386 293 468 348 legibus
478 293 522 349 ipse
531 301 636 348 queratur

109 365 222 418 Fatorum,
232 376 253 408 et
261 366 330 410 nimio
338 366 364 407 de
373 365 476 414 stamine,
485 380 554 421 quum
563 367 621 408 vitiet
630 367 686 408 acris

110 436 215 485 Antilochi
225 439 315 480 barbam
324 439 444 490 ardentem
456 453 507 480 narn
517 439 593 494 quaerit
602 439 629 480 ah
640 439 703 481 omni
788 413 789 448 l

111 509 211 564 Quisquis
220 510 279 551 adest
288 510 357 561 socio,
367 525 407 553 eur
415 512 460 553 haec
469 512 491 553 in
502 521 598 565 tempora
608 511 684 562 duret,

110 582 172 635 Quod
182 582 265 625 facinus
274 583 364 639 (lignum
374 595 419 626 tam
428 585 492 639 longo
503 581 611 625 admiserit
620 597 674 624 aevo.

110 654 157 694 Haec
166 656 240 696 eadem
250 656 333 708 Peleus,
343 667 429 712 raptum
439 670 508 711 quum
517 654 575 714 luget
584 654 700 706 Achillem,
734 693 737 700 .

110 730 178 783 Atque
187 729 253 782 alius,
262 733 297 773 cui
307 732 339 774 ias
347 733 445 774 ltnchum
455 730 526 786 lugere
535 739 652 772 natantem.

110 803 216 846 incolumi
226 806 299 861 Troja,
309 806 406 848 Priamus
415 805 504 847 venisset
513 805 539 844 ad
548 805 637 845 umbras

111 878 205 921 Assaraci
215 882 297 937 magnis
306 881 440 931 solennibus,
451 882 537 921 Hectore
546 877 614 943 (nnus

112 951 222 1001 Portenta,
231 965 256 994 ae
267 952 352 1007 reliquis
361 952 454 994 fratrum
463 949 590 998 cervicibus,
600 950 656 992 inter

111 1020 204 1061 Iliadum
212 1022 329 1079 lacrymas,
340 1034 364 1066 ut
373 1024 454 1079 primos
463 1023 524 1064 edere
533 1019 631 1077 planctus

113 1093 231 1134 Cassandra
239 1095 351 1149 inciperet,
361 1095 466 1150 scissaque
476 1095 578 1151 Polyxena
588 1093 656 1149 palia,

113 1165 134 1206 Si
144 1165 200 1208 foret
208 1167 323 1210 exstinctus
332 1169 414 1211 diverso
425 1178 530 1224 tempore,
540 1183 584 1224 quo
593 1181 637 1210 non

114 1240 210 1294 Coeperat
219 1241 309 1282 audaces
319 1242 375 1282 Paris
384 1243 488 1284 adificare
497 1243 585 1286 carinas.

113 1313 184 1366 Longa
193 1311 237 1354 dies
246 1311 311 1366 igitur
319 1313 371 1367 quid
381 1315 484 1356 contulit?
494 1315 570 1357 Omnia
580 1315 632 1357 vidit

114 1386 201 1433 Everea,
210 1393 232 1426 et
241 1383 334 1429 flammis
343 1385 414 1431 Δεὶαιη
424 1385 523 1441 ferroque
532 1387 650 1429 cadentem.

113 1457 174 1498 Tunc
184 1456 245 1497 miles
254 1456 359 1499 tremulus
368 1458 436 1512 posita
446 1459 495 1501 tulit
503 1473 564 1501 arma
573 1460 639 1511 tiara,

115 1530 139 1569 Et
149 1528 193 1571 ruit
201 1542 228 1570 an
232 1537 251 1570 te
259 1541 320 1570 aram
328 1530 410 1571 summi
418 1531 485 1582 lovis,
494 1541 519 1574 ut
528 1530 611 1574 vetulus
621 1532 672 1584 bos,

115 1603 157 1659 Qui
167 1601 249 1644 domini
258 1602 332 1645 cultris
341 1613 405 1646 tenue
414 1614 436 1647 et
444 1604 564 1648 miserabile
574 1605 654 1652 collum

114 1675 205 1723 Praebet,
215 1675 243 1716 ab
252 1674 336 1732 ingrato
341 1676 390 1732 jam
401 1675 507 1720 fastiditus
516 1687 593 1720 aratro.

113 1747 186 1790 Exitus
195 1747 230 1790 ille
239 1758 357 1805 utcumque
366 1751 470 1793 hominis:
482 1753 519 1794 sed
528 1761 588 1794 torva
595 1751 674 1794 canino

115 1820 209 1863 Latravit
217 1821 283 1874 rictu,
292 1836 340 1878 que
348 1833 397 1878 post
406 1823 464 1867 hunc
474 1823 564 1876 vixerat,
573 1837 633 1866 uxor.

115 1970 207 2011 Frsrruo
217 1969 243 2011 ad
253 1980 347 2021 nostros,
357 1981 378 2012 et
387 1985 459 2027 regem
469 1981 553 2013 transeo
562 1971 633 2020 Ponti,

116 2043 141 2083 lit
149 2043 256 2094 Cretum,
266 2057 332 2098 quem
341 2057 381 2085 vox
387 2042 442 2098 justi
453 2042 546 2086 facunda
555 2043 638 2086 Solonis

117 2116 225 2170 Respicere
234 2118 261 2158 ad
271 2116 338 2171 longa·
344 2117 410 2173 jussit
418 2117 487 2170 spatia
497 2117 575 2160 ultima
584 2117 638 2160 vite.

116 2184 221 2241 Exilium,
232 2199 253 2232 et
262 2202 343 2242 carcer,
352 2189 555 2247 Minturnarumque
564 2190 665 2248 paludes,
