1584 2642
19 232 36 257 i.
49 230 103 269 ²7²·
253 218 375 260 SATIRA
393 218 441 259 111.
634 218 660 257 3³

19 306 44 346 Et
52 304 137 347 laedant
146 304 236 348 silicem.
245 306 313 347 Possis
324 307 412 361 ignavus
421 306 506 357 trahem

18 379 45 419 Et
54 378 124 420 subiti
134 391 198 421 casus
207 378 351 433 improvidus,
360 380 387 421 ad
397 394 479 421 coenam
489 380 506 420 si

18 452 140 493 intestatus
149 465 198 493 eas:
210 452 263 493 adeo
272 461 304 493 tot
314 450 368 501 fata,
378 462 432 507 quot
440 452 477 493 ilia

17 524 87 565 Nocte
97 532 176 579 patent
185 522 267 578 vigiles,
277 534 297 566 te
307 534 457 579 praetereunte.
467 524 573 565 fenestre!

17 596 72 649 Ergo
82 604 157 650 optes,
168 604 285 649 votumque
295 594 350 635 feras
360 596 478 637 miserabile
488 605 570 645 tecum,

17 668 47 709 Ut
55 667 100 710 sint
110 676 217 709 contentae
227 666 310 722 patulas
319 666 436 710 detundere
445 668 521 723 pelves.

16 813 98 855 Ennius
108 827 133 855 ac
143 805 252 869 petulans,
262 814 299 869 qui
308 814 393 857 nulium
404 815 459 857 forte
468 815 553 864 cecidit,

17 886 58 927 Dat
68 898 154 940 poenas,
164 895 249 927 noctem
259 886 340 941 patitur
348 887 440 941 lugende
449 887 544 927 amicum

17 958 103 1008 Pelidae,
114 960 212 1001 cubatio
222 959 309 1009 faciem,
320 974 369 1001 mox
379 960 455 1001 deiude
464 959 560 1014 supinus.

18 1034 73 1087 Ergo
84 1046 128 1074 non
138 1031 200 1074 aliter
209 1032 286 1087 poterit
294 1034 400 1075 dormiret
409 1034 543 1090 Quibusdam

17 1106 125 1146 Somnum
137 1104 182 1145 rixa
192 1103 253 1146 facit:
264 1106 311 1155 sed,
320 1106 418 1160 quamvis
428 1106 539 1161 improbus
548 1106 620 1149 annis.

18 1180 86 1232 Atque
95 1191 157 1219 mero
166 1176 260 1228 fervens,
269 1188 328 1221 cavet
336 1179 395 1221 hunc
405 1193 469 1233 quem
479 1180 564 1221 coccina
574 1179 626 1221 lena

19 1250 88 1294 Vitari
94 1251 169 1307 jubet,
179 1261 200 1293 et
210 1253 315 1294 comitum
324 1252 460 1308 longissimus
469 1254 533 1295 ordo:

19 1322 113 1365 Multum
122 1333 223 1379 praterea
233 1323 382 1374 flammarum,
392 1333 414 1366 ct
421 1325 502 1366 ahenea
512 1325 600 1379 lampas.

20 1398 63 1447 Me,
73 1408 137 1451 quem
147 1396 199 1438 iuna
208 1396 262 1437 solet
270 1396 384 1447 deducere,
396 1398 426 1439 vei
437 1399 499 1439 breve
507 1398 581 1439 lumen

19 1467 125 1516 Candelre,
134 1466 196 1523 cujus
206 1468 304 1523 dispenso
313 1477 334 1510 et
343 1478 439 1523 tempero
451 1468 524 1519 filum,

20 1540 145 1584 Contemnit.
155 1542 234 1583 Misere
243 1555 344 1597 cognosce
354 1544 457 1598 prooemia
467 1543 527 1594 tim,

21 1616 39 1655 Si
49 1614 91 1656 rixa
101 1624 142 1663 est,
152 1614 189 1655 ubi
199 1624 223 1655 tu
232 1614 314 1669 occisas,
324 1628 362 1670 ego
371 1615 448 1670 vapulo
459 1625 550 1657 tautum.

21 1688 64 1727 Stat
72 1694 155 1735 contra,
165 1685 257 1740 starique
263 1685 339 1741 jubet:
350 1700 423 1742 parere
432 1701 515 1729 neccsse
525 1697 562 1729 est.

21 1760 73 1799 Nam
83 1758 134 1813 quid
143 1770 202 1813 agas,
210 1772 279 1813 quum
289 1768 309 1801 te
319 1758 413 1801 furiosus
422 1769 494 1815 cogat,
503 1769 524 1801 et
533 1760 590 1800 idem

21 1832 112 1873 Fortior?
120 1830 177 1871 Unde
187 1830 256 1872 venis?
265 1830 381 1883 exclamat:
392 1832 454 1887 cujus
463 1842 534 1882 aceto,

21 1905 84 1961 eujus
92 1901 169 1947 conche
178 1910 260 1947 tumes?
269 1906 316 1961 quis
326 1916 398 1947 tecum
407 1904 479 1946 sectile
488 1918 577 1959 porrum

22 1979 88 2027 Sutor,
97 1985 117 2019 et
126 1976 171 2018 elixi
180 1977 271 2019 vervecis
281 1977 341 2019 labra
350 1976 454 2019 comedit!

20 2048 53 2091 Nil
62 2048 112 2091 mihi
122 2050 243 2104 respondes?
252 2059 290 2091 aut
298 2049 344 2101 dic,
353 2058 391 2090 cut
400 2047 474 2102 adcipc
482 2046 569 2089 calcem.

21 2124 60 2165 Ede
68 2122 104 2165 ubi
113 2122 222 2164 consistas?
230 2123 253 2165 in
262 2136 304 2178 qua
314 2132 334 2165 te
343 2136 416 2178 quaero
424 2120 554 2176 proseucha?

21 2198 87 2240 Dicere
95 2196 111 2239 si
121 2205 186 2239 tentes
195 2196 287 2253 aliquid,
297 2197 399 2240 tacitusve
408 2197 503 2248 recedas,

540 2273 552 2312 ³
