1584 2642
49 252 68 281 t.
83 253 148 289 eoo.¹
261 237 383 282 Sfoiif
400 236 474 281 vm.
653 238 681 292 93

49 328 146 371 Dedecus
155 326 214 371 urbis
223 326 295 371 hebes
305 328 349 370 Nec
358 325 494 369 Min-millonis
502 327 525 369 in
534 326 610 376 ermis,

48 402 94 443 Nec
104 400 179 458 clypeo
188 400 307 443 Gracchum
317 409 462 456 pugnantem,
471 409 509 442 aut
518 398 572 441 inice
581 397 668 455 supina,

47 474 157 531 (Damnat
165 476 224 517 enim
234 474 284 517 tuies
293 474 390 526 habitus,
401 483 423 517 et
431 474 520 516 damnat
529 483 550 516 et
558 472 617 529 odit)

47 550 93 590 Nec
102 548 162 604 galee
171 546 248 591 faciem
258 547 380 591 abscondit:
391 556 464 589 movet
471 560 519 590 ecce
528 548 650 591 tridentem.

47 622 164 677 Postquam
173 622 255 664 vibrato
264 620 378 677 pendentia
387 621 441 663 retia
449 622 522 664 dextra

47 694 198 749 Nequicqnam
207 690 296 745 effudit,
306 694 390 735 nudum
400 694 428 735 ed
436 693 557 748 spectaculo
564 693 650 736 ruitum

46 764 124 821 Erigit,
134 774 156 807 et
165 774 211 808 tota
219 764 275 821 fugit
284 766 430 821 egnoscendus
439 778 517 806 meno:

46 840 164 882 Credamus
174 839 262 889 tunice,
272 840 298 881 de
308 838 408 882 faucibus
416 852 483 881 aurea
491 852 560 894 quum
570 853 592 880 se

46 914 153 969 Porrigat,
162 923 184 957 et
193 913 257 969 longo
263 912 357 970 jactetur
365 913 422 969 spira
431 912 509 969 galero.

45 989 100 1044 Ergo
109 988 252 1045 ignominium
263 989 381 1044 proniorem
390 986 479 1044 pertulit
487 987 547 1029 omni

45 1060 151 1111 Vulnere,
161 1074 213 1103 cnm
222 1060 316 1103 Graccho
322 1059 398 1116 jussus
406 1072 502 1115 pugnare
511 1070 601 1103 secutor.

44 1208 122 1249 hem
133 1206 150 1248 si
160 1204 239 1249 dentur
247 1204 328 1263 populo
337 1203 452 1263 suffragia,
461 1205 509 1261 quis
519 1216 564 1249 tam

44 1279 151 1330 Perdunt,
162 1288 186 1322 nt
195 1278 279 1322 dubitet
288 1280 389 1321 Senecam
399 1278 498 1334 praeferre
505 1279 597 1329 Neroni,

42 1351 109 1408 Cujus
118 1350 224 1407 supplicio
233 1364 278 1393 uon
288 1350 364 1393 debuit
372 1364 416 1393 uun
425 1350 496 1406 parari

42 1429 119 1480 Simia,
129 1443 168 1472 nec
178 1442 264 1484 serpens
273 1442 341 1477 unus,
350 1442 389 1470 nec
399 1427 472 1469 culeus
481 1432 550 1469 nnnsi

41 1504 79 1543 Por
87 1500 277 1557 Agamemnonidre
286 1501 378 1551 crimem
388 1501 426 1543 sed
435 1514 500 1543 censa
508 1499 560 1544 fucit
568 1514 614 1542 rem

41 1576 183 1619 Dissimilem:
192 1576 273 1631 quippe
280 1575 316 1617 iiie
325 1575 369 1617 deis
378 1575 515 1626 unctoribus,
524 1574 582 1618 ultor

41 1649 107 1691 Patris
116 1660 163 1690 erat
172 1648 220 1690 cosi
229 1648 300 1689 media
308 1647 364 1689 inter
373 1647 461 1704 poculo3
470 1648 507 1689 sed
516 1660 556 1688 nec

40 1722 126 1767 Eiectrae
132 1720 211 1778 jugulo
221 1736 243 1764 se
251 1720 339 1777 polluit,
348 1731 387 1764 ant
395 1721 490 1777 spartani

39 1795 146 1851 Sanguine
156 1794 261 1851 conjugii;
272 1793 336 1836 nullis
345 1794 431 1837 aconita
439 1791 565 1847 propinquis

39 1867 135 1919 Miscuit3
145 1867 168 1910 in
178 1880 241 1909 scena
249 1880 361 1922 nunquam
371 1865 465 1908 cantavit
472 1866 565 1915 Orestem

39 1940 115 1983 Troica
125 1952 169 1981 non
178 1938 267 1994 scripsit.
276 1939 333 1996 Quid
341 1938 401 1981 enim
410 1936 518 1992 Virginius
527 1937 593 1978 armis

39 2012 117 2054 Debuit
126 2010 199 2053 ulcisci
209 2010 287 2066 magis,
296 2020 335 2053 aut
343 2024 394 2052 cum
404 2009 492 2052 Vindice
501 2007 579 2051 Galba?

39 2084 94 2143 Quid
104 2086 162 2126 Nero
171 2095 216 2125 tam
227 2097 280 2125 saeva
289 2082 398 2139 crudaque
405 2082 517 2140 tyrannide
526 2080 588 2124 feciti

39 2158 84 2200 ilaec
94 2171 160 2214 opera
170 2166 234 2213 atque
243 2158 275 2200 hae
285 2167 336 2201 sunt
345 2157 440 2213 generosi
448 2156 549 2212 principis
557 2164 623 2208 ortes,

6 2256 7 2273 i
38 2230 152 2275 Gaudentis
162 2229 218 2274 foedo
228 2231 338 2287 peregrina
347 2232 375 2275 ed
383 2230 466 2287 nntpin
475 2226 544 2272 cantn'
