1584 2642
103 229 143 270 ¹38
279 226 303 267 1).
320 226 338 266 J.
356 223 549 266 Jovnnatts
652 227 734 266 v.150.

100 320 148 361 nec
157 318 186 360 ibi
197 317 214 359 si
223 325 337 365 consum,
347 315 420 356 minor
427 323 494 356 exstat
504 312 629 368 sacrilegus,
640 315 680 368 qui

99 394 167 435 Radat
176 391 268 434 inaurati
279 389 350 431 femur
359 389 465 439 Herculis,
475 399 495 430 ct
504 387 580 429 faciem
592 387 663 442 ipsam

99 465 206 519 Neptuni,
215 462 253 518 qui
262 461 392 503 bracteoiam
402 462 428 502 dc
437 463 522 502 Castore
532 461 609 501 ducat:

99 538 132 580 An
141 538 236 585 dubitet.
245 535 319 578 soiitos
329 545 400 577 totum
410 533 503 576 conflare
513 534 636 575 tonantem!

100 611 208 653 Conferet
217 610 308 652 artifices
318 618 501 662 mercatoremque
511 607 596 656 veneni,

99 685 125 726 Et
134 683 284 724 deducendum
294 681 353 723 corio
362 680 422 723 bovis
432 680 453 720 in
464 692 533 728 mure,
542 691 594 720 cum
604 691 648 732 quo

99 757 211 799 Clauditur
221 756 312 798 adversis
321 754 409 796 innoxia
417 753 478 795 simia
489 753 544 794 fatis.

100 830 147 871 linc
157 838 223 884 quota
232 842 281 884 pars
289 827 405 874 scelernm,
415 839 462 880 quae
472 833 543 866 custos
552 823 643 866 Gallicus
653 824 715 866 urbis

100 901 170 956 Usque
180 915 192 942 a
202 899 310 949 Lucifero,
320 901 388 941 donec
399 887 439 939 lux'
445 896 537 946 occidat,
548 895 619 938 audit?

101 972 195 1013 Humani
204 972 286 1026 generis
295 984 365 1013 moros
377 969 415 1012 tibi
425 981 486 1009 nosse
495 967 574 1010 volenti

99 1043 185 1086 Sufficit
195 1057 238 1084 uua
247 1044 331 1085 domus.
340 1045 421 1084 Paucos
430 1054 533 1082 consume
542 1040 597 1090 dies,
606 1048 628 1081 et

101 1115 172 1157 Dicere
181 1125 202 1156 te
211 1116 327 1166 miserum,
337 1124 452 1169 postquam
462 1112 522 1154 illinc
531 1113 622 1163 veneris,
633 1114 697 1155 aude.

100 1261 153 1317 Quis
164 1259 273 1302 tumidum
283 1268 358 1312 guttur
367 1258 459 1300 miratur
468 1260 491 1300 in
500 1258 597 1313 Alpibus!
607 1267 645 1300 aut
654 1259 704 1314 quis

99 1335 125 1375 ln
136 1336 205 1375 Meroe
214 1345 285 1373 crasso
296 1330 400 1386 majorem
411 1331 493 1374 infante
503 1331 635 1374 mamiliam?

99 1406 181 1450 Caerula
190 1405 238 1461 quis
247 1405 330 1460 stupuit
339 1405 439 1446 Germani
448 1405 542 1458 lumina,
553 1406 631 1448 flavam

99 1480 223 1529 Caesaaem,
232 1488 254 1520 ct
264 1479 350 1520 madido
359 1488 495 1534 torquentem
505 1493 587 1522 cornua
597 1480 663 1531 cirro;

100 1555 184 1608 Nempe
192 1553 251 1608 quod
260 1553 304 1594 hec
314 1552 354 1594 iliis
363 1562 441 1594 natura
451 1563 481 1595 est
491 1554 592 1595 omnibus
602 1568 652 1596 uua.

101 1626 132 1668 ad
140 1625 222 1668 subitas
230 1626 339 1667 Thracum
348 1625 444 1668 volucres
453 1627 577 1681 nubemque
587 1641 690 1670 sonoram

100 1701 209 1756 Pygmaeus
219 1699 288 1754 parvis
297 1699 364 1741 currit
373 1698 462 1741 bellator
471 1699 493 1740 in
502 1699 578 1750 armis;

100 1773 149 1815 Mor
158 1773 229 1827 impar
237 1773 304 1823 hosti,
314 1783 429 1828 raptusque
438 1786 476 1827 per
484 1787 533 1814 aera
542 1772 611 1815 curvis

99 1847 212 1902 Unguibus
220 1861 233 1888 a
242 1861 295 1889 sceva
304 1846 374 1889 fertur
382 1859 441 1902 grue.
451 1847 471 1888 Si
481 1846 551 1888 videas
560 1846 601 1887 hoc

99 1921 203 1963 Gentibus
212 1921 235 1961 in
244 1920 332 1970 nostris,
342 1919 386 1961 risu
394 1918 502 1974 quatiarc;
511 1919 547 1960 sed
556 1917 610 1969 iilic,

101 1997 230 2051 Quanquam
240 1996 315 2036 eadem
324 1993 408 2035 assidue
417 2003 538 2049 spectentur
547 1991 628 2048 prelia,
640 1992 694 2034 ridet

102 2068 183 2117 Nemo,
192 2065 230 2107 ubi
240 2075 284 2108 tota
292 2065 369 2106 cohors
378 2065 431 2118 pede
441 2077 484 2104 nou
494 2073 526 2106 cst
535 2063 597 2105 altior
606 2077 657 2105 uuo.

104 2213 206 2252 “qma
214 2209 294 2264 perjuri
302 2208 377 2263 capitis
385 2207 510 2264 fraudisque
519 2209 615 2264 nefande
