1584 2642
95 214 123 269 94
273 215 296 254 D.
314 214 332 255 J.
350 213 543 255 JUVENAHS
644 228 665 257 r.
679 219 731 259 226.

93 300 205 352 Prostitui‚
214 301 322 355 cuteque
331 302 406 355 epium
416 301 520 343 meruisse
529 302 619 345 corone.

95 373 201 429 Majorum
212 373 291 429 effigies
301 373 394 415 habeant
402 374 494 429 insignia
502 375 571 417 rucis:

94 446 147 488 Ante
157 446 218 500 pedes
228 445 306 488 Domiti
315 445 405 501 longum
415 456 439 488 tu
447 460 503 501 pone
511 447 605 503 Thyeste

94 518 169 585 Syrput
179 518 210 559 vel
220 518 338 574 Antigone,
349 532 387 561 seu
396 532 510 575 personam
520 520 661 576 Melanippes,

93 592 119 632 Et
128 591 154 632 de
163 604 286 634 marmoreo
295 592 402 635 citharam
410 594 515 649 suspende
524 593 613 636 colosso.

93 737 163 792 Quin,
171 739 272 791 Catilina,
282 741 324 783 tuis
334 741 454 791 natalibus,
464 752 528 796 stqne
536 741 622 797 Cethegi

93 811 188 855 Inveniet
197 814 310 870 quisquam
320 814 446 857 sublimius?
455 829 517 857 arma
526 825 598 857 temen
608 829 645 857 vos

93 883 205 927 Nocturna
214 896 235 928 et
245 886 343 928 dammas
353 887 454 929 domibus
464 886 591 942 templisque
600 889 703 943 perustis,

94 958 121 999 Ut
130 958 279 1001 braccatorum
289 960 361 1015 pueri,
371 963 523 1016 Senonumque
532 961 637 1013 minores;

93 1029 143 1070 Ausi
153 1030 212 1083 qnod
220 1030 282 1073 liceat
290 1032 364 1073 tunica
373 1032 449 1087 punire
459 1032 555 1075 moleste.

94 1102 134 1143 Sed
143 1099 215 1154 vigilet
224 1101 309 1149 consul,
319 1102 436 1157 vexillaque
445 1115 514 1146 vestra
523 1115 612 1148 coercet.

93 1172 130 1214 iiic
140 1185 219 1221 novus,
228 1172 316 1226 Arpinus
326 1172 435 1225 ignobilis,
444 1185 466 1216 et
475 1178 540 1217 modo
550 1180 621 1221 Rome

93 1243 226 1299 Municipalis
236 1257 299 1298 eques
309 1244 416 1297 galeatum
426 1247 487 1301 ponit
496 1250 576 1305 ubique

92 1316 215 1359 Praesidium
225 1315 332 1365 attonitis,
342 1317 394 1359 etin
404 1319 464 1359 omni
475 1331 536 1375 gente
546 1322 635 1366 laborat.

93 1391 186 1431 Tantum
196 1388 261 1444 igitur
269 1401 343 1429 muros
353 1388 410 1431 intra
419 1400 467 1446 tege
477 1394 569 1438 contulit
578 1395 609 1437 ilii

92 1462 192 1505 Nominis
201 1471 221 1503 et
232 1454 298 1511 tituli,
308 1473 415 1516 quantum
425 1478 469 1506 non
478 1468 585 1520 Leucade,
593 1479 702 1524 quantum

93 1534 203 1578 Thessaliae
213 1532 294 1588 campis
304 1534 402 1577 Octavius
411 1537 500 1579 abstulit
509 1540 552 1580 udo

92 1608 189 1653 Caedibus
199 1607 287 1650 assiduis
297 1608 373 1664 gladio.
383 1612 423 1653 Sed
431 1614 499 1664 nome
508 1624 629 1668 parentem,

92 1684 160 1725 Roma
169 1691 252 1736 petrem
261 1682 333 1737 petrin
342 1684 466 1726 Ciceronem
477 1684 543 1727 libera
552 1687 610 1730 dixit.

92 1830 184 1872 dseruts
194 1828 248 1871 alius
256 1830 383 1873 Volscorum
393 1832 416 1874 in
426 1844 500 1875 monte
509 1834 590 1878 solebat

92 1904 178 1945 Poscere
188 1905 294 1946 mercedes
303 1904 372 1946 alieno
382 1905 449 1947 lassus
458 1917 543 1949 aratro:

92 1976 200 2018 Nodosem
211 1986 257 2031 post
267 1977 310 2019 hnc
321 1977 431 2031 frangebat
440 1979 517 2021 vertice
527 1980 602 2030 vitem,

91 2048 112 2089 Si
122 2048 191 2090 lentus
201 2049 259 2104 pigre
269 2049 363 2091 muniret
373 2060 441 2091 castra
451 2051 553 2094 dolabra:

92 2121 128 2162 liic
139 2131 209 2163 tumen
220 2133 240 2164 et
249 2123 357 2170 Cimbros,
367 2132 388 2163 et
397 2136 483 2166 summa
493 2126 587 2181 pericula
597 2141 671 2170 rerum

91 2193 183 2248 Excipit,
193 2205 213 2236 et
223 2195 279 2236 solus
291 2195 432 2249 trepidantem
441 2199 534 2254 protegit
543 2201 626 2241 urbem.

89 2268 158 2322 Atque
166 2269 224 2318 ideo,
232 2278 345 2323 postquem
353 2269 381 2309 ed
387 2267 485 2313 Cimbros
492 2282 627 2329 stragemque
634 2273 753 2330 volabunt,
