1584 2642
44 244 65 271 v.
80 229 131 271 2⁵³.
274 228 394 272 sitini
411 230 452 272 vi.
652 236 680 289 ⁵⁹

47 320 103 374 Quae
113 315 189 372 iupita
198 329 260 367 seam
269 317 323 359 vires
332 322 404 361 amat?
412 319 459 361 linc
468 328 541 362 tamen
550 320 596 376 ipsa

46 392 89 433 Vir
98 389 167 432 nollet
175 388 233 432 beri:
243 403 295 432 nam
305 390 411 445 quantula
419 402 493 435 nostra
501 393 610 449 voluptas!

47 461 119 519 Quale
128 462 192 504 decus
202 463 286 505 rerum!
296 461 314 505 si
323 462 421 519 conjugis
430 465 502 506 auctio
511 464 560 517 liat,

47 536 135 579 balteus
144 546 167 578 et
174 536 275 587 manica,
286 546 306 579 et
315 536 393 587 crista,
404 538 514 593 crurisque
523 540 602 583 sinistri

48 607 172 651 Dimidium
182 616 277 662 tegmem
286 606 319 650 vel
328 608 345 650 si
355 609 438 651 diversa
447 611 542 653 movebit

48 678 137 731 atalia,
147 689 171 721 tn
181 678 241 731 ielix,
252 692 323 722 ocreas
332 681 436 724 vendente
445 682 523 736 puella.

49 756 87 797 11ae
97 763 150 796 sunt
158 768 206 809 que
215 754 274 797 tenni
284 755 393 798 sudantia
403 755 499 812 cyclade,
509 770 602 811 quarum

50 828 142 871 Delicias
152 838 174 871 et
182 828 310 884 panniculus
319 830 463 887 bombycinus
472 830 521 872 urit.

52 900 144 957 Adspice
154 914 198 956 que
207 901 289 956 gemitu
297 910 430 943 monstratos
439 900 532 955 perierat
540 901 605 954 ictus,

52 975 78 1015 Et
87 982 172 1028 quanto
181 972 245 1027 galeae
253 981 353 1015 curvetur
361 972 468 1027 pondere:
478 980 561 1027 quanta

53 1044 174 1101 Poplitibua
183 1045 264 1094 sedeat,
273 1059 340 1100 quam
349 1046 417 1087 elenae
425 1044 491 1087 fuscia
498 1046 565 1097 libr03
604 1091 613 1099 ,,

54 1120 80 1161 Et
90 1118 147 1167 ride,
158 1117 231 1172 positis
240 1117 352 1172 scaphium
362 1130 431 1171 quum
440 1118 535 1160 sumitur
543 1119 614 1161 armis.

56 1191 135 1241 Dicite,
145 1204 193 1242 vos,
204 1200 277 1245 neptes
286 1191 368 1247 Lepidi,
377 1180 452 1233 caecive
462 1192 550 1243 Metelli,

7 1282 8 1321 3
59 1264 92 1305 Gu
120 1262 124 1270 '
137 1262 153 1304 's
163 1272 202 1304 aut
210 1262 281 1312 Fabii,
290 1276 337 1317 quae
347 1263 414 1305 Ludia
424 1264 526 1307 sumserit
534 1278 632 1319 unquam

60 1338 78 1378 ll
157 1335 212 1377 itusl
222 1336 308 1390 quando
317 1336 344 1377 ad
354 1334 429 1390 palum
438 1346 510 1391 gemat
518 1350 572 1379 uxor
579 1337 648 1394 Asylil

62 1484 147 1525 Saum
156 1483 223 1525 habet
232 1482 278 1524 lites
287 1482 411 1538 alternaque
417 1482 490 1539 jurgia
499 1483 576 1535 lectus,

59 1558 86 1599 ln
95 1570 139 1611 quo
148 1566 217 1612 nupta
223 1556 292 1611 jacen
303 1556 419 1598 minimum
428 1558 537 1600 dormitur
545 1558 567 1599 in
578 1557 621 1599 illo.

62 1629 123 1671 'lunc
133 1628 202 1685 gravis
211 1627 248 1669 illa
257 1628 313 1678 viro,
324 1638 375 1670 tuuc
385 1629 439 1670 orba
448 1629 522 1685 tigride
531 1628 598 1685 pejor,

63 1703 138 1757 Quum
148 1699 236 1743 simulat
245 1700 337 1756 gemitus
347 1700 426 1742 occulti
435 1701 519 1742 conscia
527 1699 589 1750 lacti,

63 1777 105 1819 lut
115 1775 161 1817 odit
170 1788 259 1830 pueros,
268 1785 307 1817 aut
315 1775 365 1817 licta
374 1775 448 1830 pellice
457 1775 527 1829 plorat

67 1850 174 1892 Uberibus
183 1849 268 1905 sempe?
275 1849 387 1906 lacrymis,
396 1862 522 1904 semperque
531 1849 609 1903 parutis

65 1924 89 1963 lu
99 1921 191 1964 statione
201 1934 250 1971 sua,
260 1930 324 1975 utque
333 1919 504 1976 exspectantibus
512 1918 583 1969 illam,

65 1996 113 2051 Quo
120 1994 198 2050 jubeat
207 2007 294 2037 manare
304 1996 381 2036 modo:
392 2004 417 2035 tu
426 1994 493 2035 credis
501 2005 609 2043 amorem

11 2098 13 2106 .
67 2068 99 2109 Tu
109 2066 148 2108 tibi
158 2076 210 2109 tunc
219 2080 309 2109 curruca
318 2066 398 2122 places,
408 2066 526 2119 fletumque
535 2064 616 2106 labellis

11 2120 13 2171 l
68 2140 182 2183 Exsorbcs:
193 2153 240 2193 qua
249 2141 339 2195 scripta,
346 2149 367 2182 et
376 2154 430 2194 quas
438 2139 518 2180 lecture
527 2137 626 2189 tabellas,

69 2214 88 2256 Si
98 2214 136 2257 tibi
146 2212 246 2269 zelotypa
255 2223 377 2268 retegantur
385 2213 463 2255 scrinia
472 2212 569 2255 mecha!
