1584 2642
132 222 159 263 36
309 223 332 262 D.
350 222 367 262 J.
385 219 576 261 JUVENALIS
692 236 756 262 uri.

130 309 181 364 Quae
190 308 274 351 vehitur
283 291 411 349 clauso'tatis
420 306 565 362 specularibus
574 317 642 350 antro.

129 381 165 423 Nil
175 380 215 422 tale
225 388 339 434 exspectes,
350 379 402 420 emit
412 379 458 420 sibi.
468 379 535 421 Multa
545 379 652 428 videmus,

128 456 179 509 Quae
190 454 282 495 miseret
292 454 347 508 lrngi
358 467 402 495 non
411 453 461 495 lecit
469 453 558 508 Apicius.
569 456 611 495 noc
621 463 645 495 tn

129 526 252 567 Succinctus
262 527 330 580 patria
339 526 460 579 quondam,
470 525 575 580 Cn'spine,
585 528 676 581 papyro!

129 599 172 639 noc
182 599 273 652 pretinm
284 600 389 654 squamae!
399 598 470 640 Potuit
479 598 568 640 fortasse
578 598 667 639 minaris

127 671 225 724 Piscator,
235 687 301 728 quam
311 673 383 728 piscis,
393 672 442 714 emi.
453 672 561 714 Provincia
572 672 624 715 tanti

129 742 208 787 Vendit
217 760 288 801 agros,
298 756 319 788 et
328 745 420 801 majores
429 744 506 801 Apulia
515 745 592 787 vendit.

128 895 211 952 Qumis
222 906 273 939 tunc
282 896 355 952 epulas
364 897 436 953 ipsum
446 895 532 952 glutisse
542 906 642 951 putemus

126 969 306 1023 Endoperatorem
314 1003 319 1020 ,
328 984 396 1025 quum
408 980 439 1011 tot
447 969 554 1019 sestertia,
563 978 646 1025 partem

127 1040 241 1096 Exiguam,
251 1052 272 1083 et
281 1044 369 1083 modicae
378 1053 473 1085 sumtam
483 1043 510 1083 de
519 1042 614 1097 margine
623 1054 700 1093 coenae,

126 1116 248 1167 Purpureus
259 1114 329 1168 magni
340 1114 428 1155 ructarit
436 1128 508 1154 scurra
518 1114 595 1164 Palati,

126 1187 173 1228 Jarn
183 1186 280 1241 princeps
289 1187 398 1240 equitum.
408 1200 486 1240 magna
495 1186 532 1240 qui
541 1200 592 1227 voce
601 1186 683 1229 solebat

126 1261 222 1303 Vendcre
233 1260 351 1316 municipes
362 1270 424 1315 pacta
434 1260 531 1301 mercede
540 1258 629 1300 silurost

125 1334 207 1390 Incipe,
217 1334 320 1389 Calliope3
330 1334 378 1375 licet
388 1334 423 1375 hic
432 1332 553 1374 considere:
563 1346 608 1374 nou
617 1342 648 1374 est

125 1409 273 1459 enatandum,
283 1422 315 1449 res
324 1422 372 1449 vera
382 1407 459 1462 agitur.
470 1408 570 1457 Narrate,
580 1406 656 1462 puellae

124 1480 227 1532 Pierides,
237 1480 304 1535 prosit
313 1480 366 1521 milri
375 1494 413 1521 vos
422 1479 498 1521 dixisse
507 1479 593 1536 puellas.

124 1627 192 1684 Quurt
198 1625 247 1682 jam
256 1626 409 1669 semianimum
419 1626 521 1670 laceraret
529 1626 613 1671 Flavius
622 1628 698 1669 orbem

124 1697 227 1749 Ultimae,
238 1706 259 1740 et
268 1698 327 1741 calvo
336 1700 422 1741 serviret
433 1703 498 1741 noma
541 1700 599 1752 roni,

124 1770 201 1813 Incidit
210 1771 291 1813 Adriaci
301 1772 395 1828 spatium
404 1773 530 1815 admirabile
551 1773 626 1815 bombi

124 1844 176 1885 Ante
186 1844 277 1885 domum
288 1844 384 1896 Veneris,
394 1860 460 1900 quam
470 1845 544 1887 Dorica
553 1845 643 1887 sustinet
652 1846 737 1896 Ancon,

123 1917 263 1973 implevitque
272 1918 343 1961 sinus:
353 1933 423 1975 neque
432 1919 490 1961 enim
500 1919 572 1961 minor
581 1919 670 1960 basem
678 1918 732 1970 illis,

123 1992 181 2047 Quos
191 1990 259 2047 operit
268 1989 343 2046 glacies
353 1991 462 2040 mantica,
473 2000 579 2046 ruptaque
588 1990 676 2032 tandem

124 2064 208 2106 Solibus
218 2064 311 2108 effundit
320 2066 424 2122 torpentis
432 2066 460 2107 ad
469 2065 523 2107 ostia
532 2065 592 2107 Ponti

123 2136 205 2181 Desidia
215 2138 297 2189 tardos,
307 2148 328 2180 et
337 2138 401 2191 longo
412 2137 490 2191 frigore
499 2137 597 2192 pingues.

122 2210 216 2255 Destinat
225 2212 266 2254 hoc
275 2222 399 2254 monstrum
408 2212 490 2267 cymba
499 2211 580 2267 linique
589 2211 693 2267 magister
