1584 2642
47 229 73 256 v.
96 228 127 270 ¹9·
284 218 402 259 saltus
420 218 467 258 lll.
582 212 586 223 ’
661 214 688 257 23

46 306 146 347 Numen
156 319 227 361 aque,
237 306 298 348 viridi
307 308 324 348 si
335 308 431 364 margine
439 308 547 350 clauderet
556 308 625 349 undas

45 377 138 428 Herba,
147 391 186 419 uec
196 378 315 434 ingenuum
325 378 428 421 violarent
437 392 545 421 marmora
555 379 657 434 tophum!

46 523 95 564 llro
105 532 156 564 tunc
165 523 299 565 Umbricius:
310 525 401 580 Quando
409 525 502 575 artibus,
512 525 592 579 inquit,
601 522 695 567 honestis

45 595 133 637 Nullus
142 596 165 637 iu
174 598 227 638 urbe
236 597 306 645 locus,
316 597 374 638 nulla
385 598 531 639 emolumenta
541 597 652 645 laborum,

46 670 93 710 lles
103 669 167 711 hodie
178 670 249 711 minor
257 680 299 720 est,
309 670 359 712 here
368 685 434 725 quam
444 670 497 718 tuit.
507 680 572 725 atque
581 671 656 711 eadem
666 682 712 710 cras

44 741 136 783 Deteret
146 742 227 797 exiguis
236 742 316 797 aliquid
325 759 329 782 :
340 744 481 797 proponimus
490 741 541 782 illuc

44 816 95 863 Ire,
106 796 205 870 fatigatas
215 816 253 857 ubi
262 814 357 857 Daedalus
366 815 425 857 eruit
434 814 488 862 alas,

43 890 107 931 Dum
117 903 173 931 nova
182 890 279 939 canities,
289 891 342 931 dum
353 890 434 945 prima,
443 896 464 929 et
474 896 531 929 recta
540 896 647 935 senectus.

42 962 106 1003 Dum
115 972 213 1017 superest
221 962 305 1003 Lachesi
315 963 374 1017 quod
384 969 493 1015 torqueat.
502 970 523 1001 et
532 959 621 1014 pedibus
631 972 666 1001 me

44 1037 113 1077 Porto
123 1036 188 1086 meis,
198 1036 258 1077 nullo
267 1037 363 1077 dextram
372 1035 479 1077 subeunte
488 1034 571 1075 bacillo.

43 1184 152 1225 Cuntinus
162 1183 231 1238 patria
240 1198 244 1223 :
254 1183 326 1225 vivant
334 1183 433 1225 arturius
442 1182 488 1224 istic

42 1256 69 1297 Et
80 1256 181 1299 Catulus:
193 1265 295 1298 maneant
304 1256 341 1311 qui
351 1256 411 1311 nigra
421 1255 443 1297 iu
452 1254 542 1297 candida
552 1262 648 1302 vertunt,

42 1328 111 1385 Queis
120 1327 183 1370 facile
192 1338 223 1370 ost
232 1328 299 1369 aedem
310 1328 440 1376 conducere,
450 1326 551 1375 flumina,
561 1336 647 1380 portus,

43 1400 172 1443 Siccandam
183 1400 286 1448 eluviem,
295 1400 427 1455 portandum
437 1400 464 1440 ad
473 1400 535 1440 busta
544 1397 639 1444 cadaver,

42 1472 68 1513 Et
78 1473 174 1528 praebere
183 1481 249 1529 eaput
258 1474 346 1515 domina
355 1473 429 1514 venale
438 1474 480 1514 suls
489 1473 554 1513 hasta.

43 1546 160 1599 Quondam
170 1545 193 1586 hi
203 1546 330 1593 cornicines.
341 1555 362 1587 et
371 1545 506 1600 municipalis
516 1556 585 1586 arene

44 1620 140 1675 Perpetui
151 1620 251 1669 comites,
261 1630 358 1674 notaeque
367 1633 405 1674 per
414 1620 492 1675 oppida
500 1620 584 1668 bucce,

44 1692 134 1733 Munera
144 1705 202 1737 nuttc
212 1692 288 1741 edunt,
299 1702 319 1733 et
328 1704 387 1733 verso
397 1691 473 1747 pollice
481 1689 539 1745 vulgi

45 1762 166 1818 Quamlibet
176 1762 276 1804 occidunt
284 1762 428 1818 populariter:
438 1762 487 1802 iude
496 1759 572 1801 reversi

43 1836 171 1877 eonducunt
180 1834 263 1877 loricas.
273 1838 297 1877 Et
307 1850 345 1877 cur
354 1848 398 1876 noo
408 1834 493 1883 omnia,
502 1846 570 1887 quum
580 1832 622 1873 siut

44 1908 119 1963 Quales
129 1922 153 1951 ex
163 1908 240 1950 humili
250 1922 327 1964 magna
337 1909 363 1949 ad
373 1906 457 1960 fastigia
466 1919 538 1947 rerum

43 1982 136 2033 Extollit,
143 1982 227 2039 quoties
236 1982 303 2025 voluit
312 1984 406 2025 Fortuna
411 1979 493 2037 jocari?

43 2129 96 2185 Quo
104 2132 175 2172 llomte
185 2129 276 2171 inciam!
284 2128 370 2191 mentiri
379 2127 462 2170 nescio:
473 2124 564 2175 librum¹
